3022 4890
254 1149 461 1267 Scrutandis
485 1197 642 1262 Herodoti
661 1198 832 1262 itineribus
852 1200 1014 1282 operaturi
1038 1219 1098 1262 nec
1116 1200 1267 1262 inutilem
1289 1200 1336 1262 la-

161 1289 273 1352 borem
297 1306 357 1350 nec
380 1288 644 1371 intempestivum
667 1307 726 1350 nos
755 1290 934 1371 suscepisse
959 1287 1159 1352 confidimus.
1205 1288 1336 1352 Primus
1399 1295 1404 1304 “

163 1380 250 1441 3111111
272 1382 419 1440 veterum
438 1378 724 1460 peregrinatorum,
749 1396 889 1457 quorum
909 1377 1039 1459 quideni
1057 1397 1124 1440 non
1142 1378 1238 1461 plane
1258 1378 1337 1441 deli-

162 1473 296 1531 tuerunt
317 1467 468 1548 vestigia,
498 1465 716 1548 historiaeque
740 1485 815 1529 cum
839 1471 906 1529 arte
930 1467 1128 1549 conscriptae
1151 1467 1235 1529 idem
1261 1486 1337 1529 con-

164 1558 247 1619 ditor
269 1574 378 1618 nonne
400 1556 472 1617 iure
497 1554 646 1636 quodam,
669 1555 824 1638 philologi
853 1564 889 1617 ut
913 1575 1068 1618 cursuum
1093 1575 1226 1619 suorum
1249 1558 1338 1619 vices

164 1650 322 1729 quantum
340 1644 465 1727 possint
485 1645 518 1705 in
536 1643 643 1706 lucem
663 1648 796 1707 evocent
815 1663 857 1707 ex
871 1643 1021 1724 tenebris,
1041 1646 1132 1726 quasi
1152 1650 1339 1728 exspectare

163 1741 260 1817 atque
294 1733 372 1796 adeo
406 1731 468 1795 sibi
496 1732 659 1815 postulare
692 1732 843 1795 videtur?
881 1732 923 1796 Et
954 1733 1095 1816 profecto
1122 1734 1198 1796 licet
1231 1735 1339 1797 omnia

164 1825 259 1886 etiam
293 1823 428 1884 minima
461 1822 666 1904 congerenda
703 1826 735 1884 et
772 1822 943 1905 diligenter
976 1842 1013 1884 ac
1044 1841 1143 1905 prope
1175 1823 1340 1886 fastidiose

163 1911 378 1982 examinanda
411 1911 489 1992 sint,
513 1909 609 1979 habet
637 1911 697 1973 hoc
724 1911 855 1992 quidem
881 1931 947 1974 non
969 1931 1083 1995 parum
1108 1911 1339 1994 oblectationis,

163 2002 315 2064 historiae
334 2004 502 2083 parentem
521 2018 579 2082 per
588 2005 691 2062 totum
710 2018 813 2082 paene
833 2000 1339 2083 quatenustuncpatebatorbem

162 2091 331 2174 pedisequi
349 2091 452 2151 instar
462 2089 585 2153 sectari.
617 2086 698 2151 Cum
717 2107 802 2170 rem,
823 2089 909 2171 quod
929 2095 1025 2172 caput
1044 2095 1100 2170 est,
1119 2090 1217 2152 fidem
1236 2089 1340 2154 Hero-

165 2181 259 2242 dotus
283 2182 437 2260 quantam
455 2176 580 2258 habeat,
603 2182 690 2240 recte
713 2178 850 2240 iudicari
874 2179 938 2240 nisi
957 2178 1101 2240 fontibus
1121 2178 1241 2261 quibus
1259 2199 1339 2242 usus
1362 2199 1364 2204 ·

164 2270 206 2332 sit
223 2268 426 2350 investigatis
435 2271 532 2349 atque
543 2267 694 2349 expensis
708 2286 774 2328 non
788 2268 898 2349 possit,
916 2267 998 2328 nihil
1011 2266 1120 2330 locum
1134 2269 1218 2330 inter
1236 2268 1340 2331 fontes

167 2357 464 2439 obtinetpotiorem,
476 2375 573 2438 quam
582 2357 684 2438 ipsius
695 2357 867 2438 scriptoris
887 2357 915 2419 si
925 2356 1056 2438 quidem
1065 2358 1173 2439 gravis
1183 2358 1273 2420 testis
1283 2364 1341 2438 est,

164 2446 326 2530 spectatio.
351 2443 456 2520 Quare
475 2445 595 2507 mirum
605 2444 708 2508 videri
718 2448 830 2528 potest,
841 2446 1062 2526 quaestionem
1072 2464 1179 2528 neque
1189 2465 1340 2529 superva-

165 2556 259 2599 cuam
269 2553 376 2616 neque
385 2532 620 2597 infructuosam
640 2533 679 2596 ab
699 2553 765 2596 uno
785 2533 890 2597 adhuc
909 2535 978 2596 viro
1003 2534 1096 2597 docto
1106 2537 1160 2597 ria
1170 2554 1207 2597 ac
1216 2537 1341 2599 ratione

164 2629 389 2708 pertractata-m
404 2641 482 2687 esse.
501 2621 651 2704 Namque
664 2624 899 2705 praetermissis
915 2624 970 2705 313,
991 2625 1047 2706 qui
1067 2625 1171 2687 autin
1187 2625 1341 2687 struenda

71 2762 76 2771 .
165 2716 309 2776 locorum
319 2713 468 2795 congerie
480 2713 713 2794 acquieverunt
723 2713 756 2792 1),
772 2717 828 2774 aut
838 2712 975 2796 singulis
984 2713 1155 2776 itineribus
1166 2715 1340 2796 exquiren-

166 2804 215 2865 dis
225 2803 341 2865 intenti
352 2801 603 2883 supersederunt
612 2799 635 2884 2)
646 2805 745 2863 totam
755 2802 922 2864 materiem
933 2803 1077 2884 exsequi,
1088 2802 1235 2865 33131133
1246 2822 1341 2886 argu-

165 2893 267 2955 menti
304 2891 398 2973 quasi
430 2884 464 2951 e'u
492 2893 640 2973 παρέργῳ
672 2890 790 2952 itinera
824 2890 1046 2953 tantummodo
1079 2892 1298 2974 perstrinxere
1308 2893 1342 2973 ³),

165 2982 263 3044 unius
286 2979 434 3059 Heysiil)
461 2997 557 3061 opera
581 2977 862 3041 commemoranda
886 2984 941 3043 est.
989 2977 1052 3054 Qui
1077 2981 1224 3061 quamvis
1248 3000 1342 3043 accu-

166 3076 272 3133 ratum
307 3087 341 3131 33
375 3072 572 3150 cautumque
604 3068 817 3150 praestiterit,
855 3087 916 3131 nec
947 3068 1080 3151 plenum
1108 3069 1253 3133 13331331
1280 3089 1342 3132 nu-

166 3178 294 3221 merum
314 3157 513 3238 comparavit
532 3160 564 3219 et
579 3157 736 3219 rationem
752 3157 844 3239 sequi
859 3156 940 3220 solet
953 3177 1068 3240 parum
1084 3157 1341 3221 satisfacientem.

167 3247 315 3310 Confusis
336 3246 421 3309 enim
436 3246 522 3308 inter
536 3264 570 3308 33
591 3264 673 3328 quae
693 3244 848 3308 confundi
868 3265 942 3308 cum
961 3266 1122 3328 nusquam
1142 3252 1215 3309 tum·
1228 3247 1288 3310 hac
1306 3249 1342 3309 in

167 3337 355 3419 quaestione
378 3335 511 3397 minime
532 3333 659 3415 debent,
682 3353 720 3396 ea
745 3334 825 3415 dico,
854 3353 937 3418 quae
968 3334 1148 3418 probabilia
1171 3337 1344 3399 videantur

257 3511 277 3581 ¹)
295 3510 390 3576 Ukert,
410 3509 504 3578 Geogr.
524 3509 549 3562 d.
569 3508 676 3563 Gricch.
696 3526 723 3563 u.
742 3508 819 3563 R'om.
839 3509 853 3562 I
870 3526 929 3579 pag.
950 3515 982 3564 71
1004 3526 1075 3578 sqq.;
1093 3509 1227 3580 Forbiger,
1247 3510 1342 3581 Geogr.

167 3585 191 3638 d.
212 3582 317 3637 Griech.
337 3599 363 3635 u.
383 3581 460 3635 Rom.
479 3581 502 3636 Ι.
521 3596 580 3649 pag.
601 3584 635 3634 68
654 3596 727 3648 sqq.;
750 3580 849 3649 Baehr,
868 3580 967 3635 Herod.
986 3597 1081 3634 musae
1099 3581 1147 3649 IV,
1166 3598 1191 3649 p.
1212 3586 1265 3636 423
1283 3599 1342 3650 sqq.

256 3654 277 3723 2)
295 3653 416 3720 Hausen,
436 3651 588 3719 Osteuropa
605 3668 632 3705 3.
653 3652 697 3704 dio
710 3651 833 3720 Skythen
844 3652 915 3706 nach
927 3651 1049 3706 Herodot
1066 3669 1091 3720 p.
1114 3657 1189 3720 1-7,
1210 3653 1226 3720 ἓ
1247 3658 1342 3708 1-16.

167 3755 201 3765 -
219 3725 336 3792 11313131,
355 3722 458 3778 Archiv
476 3724 494 3776 f.
513 3722 585 3776 Phil.
604 3721 669 3777 XII.
691 3727 767 3790 1846,
792 3740 817 3791 p.
839 3727 889 3778 584
910 3739 967 3792 sqq.

149 3817 152 3827 ·
257 3797 278 3866 ⁸)
296 3795 461 3862 Dahlmann,
479 3794 608 3848 Herodot.
645 3795 704 3847 rius
722 3794 826 3848 seinom
844 3794 939 3848 Buche
958 3795 1018 3848 sein
1035 3794 1127 3848 Lebcn
1139 3794 1343 3865 (Forschungen

57 3837 67 3846 κ
143 3918 145 3920 ,
167 3869 215 3922 aul
237 3868 262 3921 11.
287 3867 397 3921 Gebiete
420 3866 468 3919 der
486 3865 649 3920 Geschichte
667 3865 704 3933 H,
722 3882 748 3933 p.
770 3869 820 3920 160
846 3865 915 3935 sqq.)
938 3895 973 3905 —
991 3865 1083 3936 Rogge
1102 3865 1205 3935 (Prutz,
1223 3866 1343 3920 11113131-

166 3940 230 3994 hist.
253 3938 398 3992 Taschenb.
420 3941 497 4005 1847,
516 3954 542 4005 p.
569 3935 638 4005 119).
653 3966 687 3975 —
705 3935 797 4004 Blum,
816 3936 937 3990 Herodot
955 3954 982 3990 u.
1001 3936 1113 3990 Ktesias
1132 3954 1157 4005 p.
1177 3942 1212 3992 48
1232 3953 1288 4006 sqq.
1308 3969 1343 3978 -

167 4011 254 4078 Mure,
280 4011 306 4062 A
326 4008 432 4064 critical
450 4008 559 4076 history
577 4007 605 4061 31
622 4007 669 4060 tho
687 4006 821 4077 language
840 4008 892 4061 and
911 4007 1053 4062 literature
1072 4009 1100 4062 31
1116 4009 1226 4062 ancient
1244 4010 1345 4063 Graeco

166 4083 214 4150 IV,
232 4098 258 4149 p.
278 4084 330 4134 264
349 4096 407 4148 sqq.
427 4110 461 4118 —
480 4078 646 4145 Rawlinson,
665 4077 780 4148 History
798 4079 826 4133 ol
842 4079 995 4132 Herodotus
1014 4079 1036 4146 I,
1055 4097 1080 4148 p.
1101 4083 1118 4133 8
1139 4095 1196 4148 sqq.
1210 4079 1344 4146 -813111,

167 4154 248 4222 prael.
276 4152 340 4205 edit.
360 4150 580 4205 adnotationibus
598 4150 758 4218 instructae,
777 4167 803 4218 p.
821 4149 873 4218 XI,
892 4166 950 4218 sqq.
970 4181 1005 4189 -
1024 4150 1142 4219 Hachez,
1163 4151 1196 4204 do
1213 4151 1345 4206 Herodoti

168 4223 311 4278 itineribus
321 4225 348 4276 et
367 4221 484 4290 scriptis.

256 4297 278 4365 ⁴)
296 4295 397 4363 Heyse,
416 4291 596 4359 Quaestiones
614 4291 783 4346 Herodoteae
801 4291 823 4360 I,
841 4308 866 4361 p.
886 4295 921 4346 84
941 4307 1001 4361 sqq.
