3022 4890
624 270 863 334 '-11-

166 450 193 512 si
212 448 342 529 1661111)
361 469 516 532 unquam,
539 450 647 511 rivum
665 448 764 511 fuisse
782 449 910 511 minimi
928 448 1083 511 momenti
1102 467 1190 510 nunc
1209 446 1341 529 quidem

164 540 250 601 inter
276 557 388 601 omnes
418 543 549 601 constat.
603 536 674 612 Quo
703 543 788 601 certe
816 538 1021 620 spectationis
1043 535 1252 620 probabilitas
1274 556 1341 598 non

164 632 309 710 augetur.
721 686 723 690 ,

257 717 328 797 §b
379 715 477 778 Haud
506 735 599 779 secus
628 715 667 778 de
694 715 877 796 Tyritarum
905 714 986 779 urbe
1013 715 1129 779 iudico.
1184 713 1292 777 Verba
1320 714 1340 779 l.

164 804 221 870 IV.
262 825 286 869 c.
322 807 360 867 11
395 829 403 861 <
432 852 595 869 ......
628 799 741 888 θάψαι
772 800 829 866 τὸν
860 805 962 888 δῆμον
992 805 1060 886 (καί
1087 822 1193 884 σφεων
1216 798 1264 864 ἔτι
1288 803 1341 887 δῆ-

166 887 222 964 λός
241 888 306 956 ἐστι
330 887 501 975 trauan»
525 893 648 957 collatis
672 895 718 957 eis
743 913 825 976 quae
848 893 968 975 1111162)
992 892 1228 977 disputabimus
1253 893 1342 955 omni

165 984 198 1044 vi
229 985 406 1065 privantur.
460 983 673 1065 Aliquantulo
703 983 777 1066 plus
804 983 891 1045 valet
919 982 1072 1045 Herculis
1101 983 1276 1065 vestigium
1306 983 1341 1044 in

164 1071 266 1152 Tyrae
289 1073 360 1155 ripa
382 1073 555 1135 monstrari
578 1076 744 1134 narratum
769 1072 788 1136 l.
808 1071 864 1135 IV.
890 1091 914 1135 o.
940 1074 990 1134 82.
1011 1070 1102 1146 Quod
1123 1090 1197 1134 cum
1216 1092 1235 1133 a
1257 1089 1341 1133 mer-

165 1158 365 1243 6616115663)
384 1179 451 1223 non
469 1162 514 1223 ita
533 1160 705 1224 difficulter
723 1161 829 1223 audiri
848 1161 985 1241 licuerit,
1003 1162 1146 1244 ipsorum
1157 1159 1341 1240 Tyritarum

165 1250 265 1312 semel
280 1254 420 1314 ,tantum
449 1251 570 1313 mentio
598 1251 751 1313 iniciatur
779 1250 799 1314 l.
829 1249 887 1312 IV.
918 1269 943 1313 6.
973 1252 1028 1330 51,
1057 1249 1164 1311 dirimi
1196 1250 1340 1330 quaestio

166 1340 287 1421 nequit.
333 1337 502 1402 Kolsterus
531 1358 605 1402 cum
628 1339 647 1400 l.
673 1358 697 1401 c.
721 1360 750 1422 p.
775 1341 838 1402 501
864 1344 1004 1422 spectato
1028 1340 1164 1422 vestigio
1187 1331 1342 1417 «ἔφαινόν

164 1449 244 1507 μοι»
267 1426 476 1490 scribendum
499 1427 599 1491 fnisse
623 1428 839 1509 contenderet,
870 1428 1008 1492 eundem
1035 1429 1070 1489 in
1099 1447 1238 1490 errorem
1261 1428 1341 1489 inci-

168 1517 222 1597 dit,
247 1536 344 1598 quem
362 1529 466 1599 ‘supra
488 1519 738 1600 perstrinximus
762 1521 803 1597 (v,
827 1538 856 1600 p.
880 1516 931 1600 4.)

255 1607 327 1686 §a
373 1605 566 1669 Maeotidem
595 1605 760 1670 Herodoto
790 1608 894 1669 visam
925 1626 991 1669 non
1019 1625 1088 1669 6666
1116 1610 1147 1668 61
1177 1624 1219 1668 ex
1243 1624 1342 1688 prava

167 1715 264 1777 quam
296 1694 358 1757 sibi
381 1694 478 1758 finxit
501 1694 691 1759 Chersonesi
715 1695 868 1758 Tauricae
891 1695 996 1779 figura
1020 1697 1139 1778 optimo
1166 1696 1237 1756 iure
1266 1712 1341 1756 6611-

166 1783 334 1847 61666111111
358 1788 389 1846 61
408 1803 444 1847 66
465 1787 541 1848 satis
565 1785 748 1847 confirmari
771 1790 893 1868 putant,
919 1784 1005 1867 quod
1024 1783 1216 1847 Maeotidem
1234 1782 1339 1845 Ponto

165 1893 232 1935 non
260 1873 361 1935 multo
384 1874 544 1937 minorem
568 1874 745 1937 hariolatur
767 1874 823 1938 IV.
848 1892 874 1938 c.
892 1875 941 1937 ’86
969 1873 1023 1937 1111.
1066 1872 1203 1935 Prorsus
1227 1872 1341 1935 adsen-

165 1963 243 2043 tior3
267 1963 308 2024 116
332 1967 451 2043 6611116,
476 1965 533 2045 qui
555 1968 685 2046 propter
708 1969 923 2046 comparatam
954 1983 1029 2025 cum
1056 1962 1165 2024 Attica
1187 1961 1208 2024 J
1211 1962 1341 2044 apygia-

167 2050 440 2134 queTauricam4)
460 2052 602 2135 aliquam
618 2052 787 2115 dumtaxat
807 2051 997 2115 Chersonesi
1015 2056 1140 2134 partem
1160 2052 1341 2113 circumna-

164 2141 306 2223 vigatam
330 2145 477 2203 statuunt
489 2140 521 2224 5),
545 2141 579 2202 hi
601 2141 665 2204 loci
688 2141 876 2224 scrupulum
901 2140 1053 2204 evellant:

256 2227 491 2311 Comparantur
524 2229 549 2292 Ι.
586 2250 611 2293 c.
643 2232 708 2294 202
738 2230 865 2293 insulae
894 2231 1029 2310 Araxis,
1063 2248 1144 2311 quae
1174 2228 1341 2291 fabulosae

165 2323 250 2398 sunt,
274 2338 348 2381 cum
371 2317 485 2399 Lesbo,
508 2317 534 2384 1.
554 2339 579 2382 c.
607 2321 648 2382 98
691 2318 935 2402 Agbatanorum
960 2318 1100 2381 ambitus
1120 2337 1193 2380 oum
1218 2316 1341 2379 ambitu

165 2407 382 2488 Athenarum,
416 2427 490 2471 cum
523 2427 630 2490 neque
662 2409 805 2471 Araxem
819 2408 842 2489 6)
875 2408 990 2471 adierit
1018 2406 1202 2470 Herodotus
1233 2425 1341 2489 neque

166 2500 263 2578 caput
280 2495 450 2559 Medorum
464 2497 496 2578 ⁷).
534 2497 628 2561 Adde
651 2497 709 2560 ΠΙ.
735 2517 759 2563 c.
786 2498 847 2560 101
875 2498 927 2577 (de
949 2496 1040 2559 Indis
1060 2502 1091 2558 61
1113 2494 1339 2578 Aethiopibus)

165 2595 197 2647 et
219 2584 278 2649 ΠΙ.
304 2605 328 2649 c.
356 2586 418 2648 102
443 2587 497 2669 (de
520 2586 611 2649 Indis
636 2592 667 2648 et
690 2586 836 2668 Bactris).

254 2675 273 2754 ς
299 2678 326 2740 7.
365 2673 596 2738 Chersonesum
617 2675 786 2739 Tauricam
804 2675 969 2738 montibus
989 2693 1145 2757 asperam,
1163 2672 1341 2735 Taurorum

165 2782 270 2826 mores
290 2764 370 2826 adeo
388 2764 582 2827 inhumanos
602 2783 681 2846 esse,
704 2771 741 2827 ut
759 2765 932 2848 naufragos
952 2781 1074 2845 quosve
1093 2763 1174 2825 forte
1198 2763 1342 2844 ceperint

166 2851 362 2915 Graecorum
380 2853 568 2936 Iphigeniae
592 2860 770 2917 mactarent
793 2853 861 2937 (IV.
882 2873 907 2917 c.
930 2852 1015 2935 103),
1038 2871 1104 2914 non
1124 2850 1236 2913 dubito
1262 2851 1341 2932 quin

166 2945 197 3004 et
215 2939 353 3022 Scythae
376 2943 530 3005 sciverint
553 2948 585 3005 et
604 2942 727 3023 Graeci,
755 2942 934 3006 Taurorum
966 2943 1097 3022 utrique
1124 2941 1230 3004 vicini.
1278 2938 1341 3001 Sed

166 3030 253 3112 quod
275 3032 363 3113 ipsos
387 3036 483 3095 testes
505 3032 610 3096 facere
633 3033 763 3094 videtur
787 3036 812 3112 («
820 3030 943 3110 λέγουσι
962 3023 1054 3091 αὐτοὶ
1082 3031 1228 3111 Ταῦροι»
1250 3028 1340 3105 ibid.)

166 3119 401 3183 dubitationem
425 3123 565 3203 cuipiam
589 3123 733 3185 moverit.

254 3209 402 3272 Testatur
431 3210 543 3272 eodem
574 3210 670 3272 modo
701 3209 841 3272 Caunios
871 3208 895 3271 Ι.
925 3228 950 3270 6.
983 3210 1055 3273 172.
1108 3207 1238 3270 Cnidios
1266 3206 1290 3270 I.
1315 3225 1340 3270 c.

169 3300 241 3360 174.
290 3296 388 3378 Syros
411 3298 669 3362 Palaestinenses
697 3299 738 3361 Π.
768 3318 793 3361 6.
828 3300 898 3363 104.
945 3297 1125 3361 Phoenices
1148 3295 1190 3360 ΙΙ.
1216 3315 1241 3356 6.
1267 3297 1340 3360 104.

166 3385 240 3448 VH.
265 3406 290 3449 6.
317 3389 367 3452 89.
405 3386 502 3451 Eleos
525 3387 582 3452 IV.
608 3408 633 3451 c.
658 3389 709 3452 30.
747 3386 866 3467 Libyes
889 3386 945 3449 IV.
971 3406 995 3449 c.
1022 3388 1093 3449 187.
1137 3384 1342 3467 Gephyraeos

165 3475 381 3539 Athenienses
404 3477 445 3542 V.
471 3496 495 3542 o.
521 3480 572 3542 57.
618 3477 731 3540 Parios
754 3475 810 3541 VI.
836 3495 860 3538 c.
888 3477 959 3540 134.
1005 3474 1116 3538 Medos
1140 3472 1213 3537 VII.
1239 3493 1263 3537 c.
1289 3475 1339 3536 62.

110 3629 114 3638 ,
165 3563 326 3645 Bithynos
356 3565 430 3630 VII.
459 3586 485 3629 c.
516 3569 566 3629 75.
618 3565 753 3649 Cyprios
777 3564 850 3629 VII.
875 3585 900 3629 c.
925 3565 976 3629 90.
1025 3563 1194 3626 Thessalos
1218 3562 1291 3626 VII.
1315 3581 1340 3624 c.

256 3795 276 3862 1)
296 3795 329 3847 61.
348 3793 458 3848 Kolster
475 3795 494 3849 1.
513 3812 536 3848 c.
555 3812 581 3863 p.
602 3799 661 3850 590.

255 3865 451 3967 0613161·
796 3936 800 3945 .
1147 3935 1162 3962 .·

267 3941 497 4022 )Comrnercrum
527 3937 691 3991 Graecorum
722 3937 804 3990 Pontr
828 3936 981 3990 accolarum
1005 3936 1178 3988 adumbrauit
1208 3933 1342 3986 Prellerus

164 4008 438 4146 Ausgep).IA,u{sa),z9e
456 4026 480 4077 p.
501 4013 560 4062 441.
684 4115 695 4159 ι,

296 4149 396 4218 Heyse,
416 4151 433 4203 l.
454 4168 476 4204 c.
496 4168 522 4219 p.
544 4155 602 4204 134.
641 4149 725 4217 816111,
744 4149 763 4203 1.
783 4166 805 4204 c.
825 4166 849 4217 p.
869 4149 948 4202 XIX.

255 4152 267 4181 5

255 4153 730 4290 AmMmmlcpflmQ

255 4293 507 4362 Umpwmd
