3022 4890
644 307 864 368 -64-,

171 478 374 546 0110010010
393 490 535 546 mentem
551 485 648 566 ,quasi
666 487 803 546 revocat.
848 482 1069 546 Tractavimus
1089 502 1186 567 supra
1193 470 1221 567 71)
1240 454 1282 547 1'1.
1303 503 1348 550 00.

140 568 142 574 '
172 573 201 635 8.
228 574 300 637 124.
327 574 399 636 126.
426 574 498 635 158.
525 575 596 637 176.
625 571 685 637 ΙΙΙ,
710 592 734 636 c.
759 574 811 636 39.
842 570 898 635 VI.
924 591 949 636 0.
975 573 1047 637 134.
1071 571 1130 637 ΙΧ.
1155 575 1279 638 0120.
1304 611 1349 619 —

265 678 397 743 Confido
420 681 521 764 igitur
544 680 584 743 ab
609 680 668 743 hac
691 684 780 762 parte
803 679 885 741 nihil
910 678 1044 744 obstare.
1092 677 1241 744 Ceterum
1265 699 1349 762 quae

169 775 401 852 persuaserunt
425 768 557 850 Steinio,
581 770 657 832 navi
679 768 881 832 Herodotum
906 768 1085 851 advenisse,
1107 788 1175 832 000
1201 788 1238 833 00
1261 774 1348 852 sunt,

172 858 292 940 quibus
319 859 432 922 cedere
462 859 645 923 debeamus
696 857 818 921 Locum
845 857 886 921 H.
912 877 937 922 c.
962 859 982 920 b
1010 877 1108 941 supra
1131 858 1346 922 absolvimus:
1446 924 1450 938 ,

169 945 400 1030 «προσπλέων»
424 947 630 1011 scribendum
665 947 736 1029 fuit,
768 947 895 1011 etiamsi
919 948 1177 1030 experimentum
1207 947 1289 1011 illud
1311 949 1348 1010 10

168 1037 277 1100 reditu
301 1038 465 1119 spectavit.
510 1036 553 1100 Et
575 1036 718 1120 profecto
743 1034 884 1099 Sicinius
914 1038 941 1099 si
970 1037 1042 1099 istis
1074 1041 1200 1099 tantum
1223 1036 1349 1117 tribuit,

168 1145 233 1189 non
257 1127 366 1188 minus
389 1125 510 1188 tribuat
531 1145 662 1190 necesse
686 1130 734 1189 est
756 1125 826 1188 loco
854 1124 896 1189 Il.
920 1145 945 1190 0.
972 1127 1050 1188 155:
1076 1150 1115 1188 ‹<.
1140 1175 1146 1188 .
1171 1174 1178 1188 .
1203 1178 1208 1190 .
1235 1174 1241 1187 .
1264 1122 1347 1188 κατὰ

167 1211 204 1277 τὸ
228 1210 455 1295 Σεβεννυτικὸν
477 1209 673 1295 καλεύμενον
696 1207 798 1294 στόμα
821 1216 880 1275 τοῦ
902 1213 1031 1293 Νείλου,
1061 1206 1254 1276 ἄναπλέονπι
1278 1207 1347 1276 ἀπὸ

167 1299 331 1387 θαλάσσης
355 1299 446 1365 ἄνω».
492 1303 624 1367 Nullius
644 1305 742 1405 pretii
767 1322 836 1367 esse
854 1303 896 1367 H.
921 1322 946 1366 c.
972 1306 1013 1367 97
1034 1298 1085 1373 «ἐς
1108 1302 1142 1365 δὲ
1160 1298 1350 1387 Ναύκρατιν

168 1386 236 1456 ἀπὸ
268 1386 431 1476 θαλάσσης
469 1392 523 1455 καὶ
554 1396 710 1475 Κανωβον
752 1389 805 1455 διὰ
843 1392 960 1454 πεδίου
998 1390 1107 1454 πλέων
1142 1383 1226 1476 ἥξεις
1257 1392 1349 1456 κτλ.»

169 1480 298 1566 supra2)
323 1482 474 1547 diximus.

257 1590 346 1670 §la
392 1588 476 1653 Puto
508 1591 609 1673 igitur
640 1588 843 1653 Herodotum
878 1588 956 1651 inde
991 1607 1032 1652 ex
1062 1588 1185 1652 Arabia
1216 1594 1349 1673 petraea

167 1679 338 1743 Pelusium
370 1697 439 1742 esse
464 1679 662 1760 adsecutum,
692 1678 779 1761 quod
807 1679 834 1740 si
856 1679 941 1757 iure,
965 1678 1175 1741 coniectando
1200 1679 1348 1745 divinare

167 1788 234 1832 non
243 1787 384 1852 possum,
404 1787 462 1830 cur
480 1768 596 1850 pedem
607 1767 727 1831 infecta
747 1767 837 1850 quasi
853 1785 888 1829 re
906 1767 1073 1830 rettulerit.
1104 1766 1190 1842 Quid
1208 1770 1349 1832 moverit

168 1858 209 1920 ad
232 1863 351 1921 terram
381 1856 572 1934 adeundam,
600 1858 664 1920 nisi
693 1857 810 1940 cupido
842 1857 917 1918 visu
941 1856 1040 1938 digna
1071 1856 1247 1924 noscendi?
1270 1856 1349 1921 ruit

167 1948 202 2008 in
220 1945 343 2010 Arabia
361 1952 498 2028 petraea,
516 1945 579 2009 fuit
597 1965 696 2030 prope
720 1946 759 2009 ab
780 1945 896 2028 oppido
917 1945 1057 2027 quodam
1075 1946 1246 2030 Aegyptio,
1268 1948 1348 2010 visit

167 2037 364 2119 Aegyptum,
388 2036 464 2097 navi
488 2054 524 2098 se
546 2037 674 2099 venisse
697 2054 859 2118 nusquam
878 2034 985 2117 prodit
1009 2071 1051 2080 —
1075 2054 1184 2100 00000
1206 2040 1350 2118 praestat

167 2121 262 2188 certis
285 2125 374 2187 hisce
397 2126 454 2205 uti,
479 2144 578 2206 quam
597 2126 797 2188 coniecturas
821 2124 1013 2206 excogitare,
1036 2124 1129 2186 nulla
1151 2144 1186 2188 re
1210 2125 1348 2203 adiutas

166 2215 230 2276 0101
256 2213 342 2296 quod
364 2212 506 2277 fortuitis
521 2214 677 2276 ‘homines
701 2213 859 2276 obnoxios
883 2231 953 2275 esse
978 2213 1121 2275 scimus?

255 2322 274 2402 ς
296 2322 344 2385 16.
383 2319 452 2383 Iam
471 2321 630 2403 perardua
649 2322 751 2384 oritur
771 2320 915 2404 quaestio
936 2323 967 2381 et
984 2319 1195 2400 infructuosa,
1215 2325 1294 2402 quot
1307 2322 1345 2383 in

165 2410 315 2493 Aegypto
338 2411 455 2472 itinera
482 2409 654 2473 confecerit
676 2409 869 2472 Herodotus
918 2406 1021 2470 Certis
1045 2410 1131 2471 enim
1162 2415 1348 2492 temporum

166 2499 298 2562 indiciis
323 2499 476 2578 destituti,
501 2499 598 2561 simul
622 2498 767 2561 destituti
791 2497 879 2560 omni
903 2501 989 2558 certa
1013 2498 1162 2560 eliciendi
1184 2497 1349 2581 facultate,

165 2587 347 2671 probabilia
370 2586 502 2669 quidem
526 2587 715 2651 coniciendo
739 2587 873 2669 adsequi
896 2604 1078 2668 possumne,
1096 2587 1230 2670 probare
1255 2589 1348 2670 quic-

167 2697 264 2759 quam
286 2696 386 2760 penes
409 2695 468 2738 nos
492 2695 558 2738 000
582 2683 637 2740 est.
683 2675 869 2739 Memineris
894 2679 1002 2738 autem
1026 2677 1235 2739 scitissimum
1257 2677 1345 2740 illud

163 2764 408 2848 Rawlinscniss),
434 2784 561 2828 menses
585 2765 624 2828 ab
648 2764 811 2829 Herodoto
835 2764 923 2828 haud
948 2764 1055 2846 dubie,
1082 2765 1216 2829 fortasse
1240 2785 1347 2830 annos

164 2857 199 2918 in
222 2855 447 2939 perlustranda
470 2859 555 2917 terra
579 2874 647 2918 esse
671 2860 887 2938 consumptos.

257 2960 400 3046 Memphi
432 2966 649 3025 commoratus
682 2969 730 3024 est
752 2959 955 3032 Herodotus;
989 2961 1076 3024 unde
1104 2961 1182 3023 illuc
1210 2963 1349 3043 venerit,

167 3052 339 3114 nescimus.
395 3050 538 3115 Steinius
571 3051 679 3113 verbis
713 3050 755 3116 II.
786 3070 811 3115 c.
843 3053 884 3114 97
921 3070 1019 3133 supra
1053 3051 1223 3133 exscriptis
1253 3051 1349 3115 nisus

168 3137 296 3223 Canopo
321 3159 396 3203 eum
418 3141 640 3204 inundationis
664 3145 807 3222 tempore
830 3139 1010 3222 profectum
1033 3140 1221 3222 suspicatur.

256 3245 361 3321 Quam
383 3249 623 3330 navigationem
638 3251 675 3309 ut
692 3246 812 3327 fecerit,
837 3266 895 3308 cur
917 3247 1029 3310 fecerit
1052 3247 1156 3329 primo
1180 3246 1348 3310 adventu?

255 3353 290 3417 Si
323 3355 499 3417 conicimus
527 3392 569 3398 —
601 3373 677 3416 nam
705 3355 741 3416 in
773 3355 1033 3417 coniecturarum
1067 3372 1148 3436 gyro
1177 3371 1350 3416 versamur

166 3480 208 3487 -—
232 3441 433 3507 Herodotum
458 3464 476 3506 a
499 3442 630 3506 Pelusio
655 3463 765 3507 orsum
787 3442 924 3506 Bubasti
944 3442 1135 3523 substitisse,
1157 3441 1204 3504 ibi
1223 3447 1349 3525 speeta-

166 3532 239 3595 culo
268 3531 309 3597 H.
334 3553 360 3598 c.
385 3534 427 3596 60
458 3533 616 3616 descripto
647 3533 832 3596 interfuisse
861 3530 1004 3614 indeque
1037 3533 1077 3594 ad
1106 3531 1256 3594 visendas
1280 3549 1349 3594 ser-

165 3622 312 3704 pentium
344 3623 498 3705 reliquias
535 3621 659 3685 Butum
693 3623 889 3702 excurrisse,
926 3640 963 3684 eo
996 3620 1162 3683 commodo
1197 3619 1349 3701 finimur,

168 3709 255 3793 quod
279 3716 493 3775 consentanea
515 3712 684 3794 posuimus
701 3730 769 3788 nec
793 3710 911 3793 quibus
937 3711 1109 3792 quiequam
1134 3714 1300 3793 repugnet.

256 3818 288 3880 A
314 3817 452 3881 Bubasti
480 3818 647 3902 Memphin
679 3818 855 3901 proficisci,
883 3818 960 3880 hinc
988 3814 1174 3900 Heliopolin
1205 3833 1348 3878 commo·

168 3906 299 3970 dissime
324 3908 412 3971 adire
434 3909 547 3990 potuit.
593 3907 677 3970 Nam
701 3926 743 3970 ex
765 3907 873 3970 verbis
896 3906 938 3971 ΙΙ.
964 3925 989 3971 c.
1021 3904 1137 3968 3«aci
1165 3900 1204 3988 δὴ
1236 3903 1290 3965 καὶ
1313 3898 1349 3974 ἐς

169 3991 280 4079 Θήβας
301 4016 337 4058 τε
360 3997 414 4058 καὶ
437 3994 469 4066 ἐς
486 3989 597 4059 Ἡλίου
616 3990 714 4058 πόλιν
733 3989 838 4058 αὐτῶν
856 3991 978 4057 τούτων
996 3992 1116 4056 εἵνεκεν
1135 3987 1349 4076 ἐτραπόμην»,

168 4104 246 4148 cave
265 4104 306 4148 ne
324 4087 465 4168 primum
484 4085 616 4167 Thebas,
635 4086 753 4149 deinde
768 4085 955 4169 Heliopolin
971 4085 1103 4168 petitam
1123 4082 1252 4165 efficias,
1271 4101 1350 4146 cum

258 4334 279 4403 ²)
298 4352 324 4388 v.
344 4351 370 4402 p.
391 4338 423 4388 21
445 4350 484 4402 sq.
593 4333 615 4405 2)
633 4351 660 4388 v.
679 4351 705 4402 p.
726 4339 768 4389 55.
881 4333 903 4403 8)
922 4332 940 4387 Ι.
960 4349 982 4386 c.
1002 4333 1023 4386 Ι.
1042 4349 1067 4400 p.
1088 4336 1112 4385 9.
