3022 4890
661 295 857 355 ·-4—
957 303 982 310 ψ

176 469 274 531 tando
295 469 417 532 discere
436 468 536 550 licuit,
556 470 639 532 sicut
659 469 698 532 de
709 468 868 549 Scythicis
888 468 996 532 fluviis
1016 470 1141 532 curiose
1160 470 1349 551 scriptorem

174 562 395 641 percontatum
425 558 445 620 l.
475 557 532 623 IV.
563 577 607 620 11.
641 561 683 621 48
716 577 785 640 sqq.
808 559 958 641 produnt.
1008 558 1178 622 Praeterea
1201 558 1261 620 scit
1283 555 1352 621 Da-

173 666 266 710 reum
286 647 327 710 ad
344 646 481 710 Tearum
500 652 564 709 tres
583 647 651 710 dies
671 646 852 710 substitisse
870 645 940 730 (IV.
960 667 986 712 c.
1007 646 1130 726 89111.)
1150 647 1347 729 titulumque

175 737 267 818 cippo
309 736 537 818 insculpsisse‚
579 756 676 818 quam
714 737 955 818 inscriptionem
993 736 1034 799 ad
1077 735 1214 798 verbum
1250 734 1348 799 refert

174 824 242 904 (IV.
267 844 292 889 c.
318 824 380 909 91).
420 824 567 894 >Videtur
589 824 654 888 fida
672 825 829 887 Herodoti
852 826 1015 906 memoria,
1038 844 1115 887 nam
1137 825 1201 887 nisi
1223 825 1348 907 imponi

175 913 237 977 sibi
255 913 277 976 J
279 914 412 976 ochmus
422 915 444 993 1)
464 933 577 996 passus
598 919 653 995 est,
674 915 760 996 cippi
780 914 912 996 aliquod
929 914 965 976 in
985 912 1351 998 qqussyriaelitterae

174 1003 345 1066 exstabant
372 1002 589 1086 fragmentum
619 1005 716 1066 etiam
745 1003 843 1066 huius
867 1003 987 1066 saeculi
1010 1003 1103 1065 initio
1127 1004 1162 1064 in
1186 1003 1256 1064 vico
1280 1001 1351 1065 Bu-

173 1091 337 1155 narhissar
360 1097 519 1174 superstes
542 1092 610 1156 fuit.
658 1090 805 1167 Quocum
828 1093 1004 1155 concinunt
1028 1093 1114 1174 cippi
1137 1111 1155 1154 a
1177 1089 1282 1155 Dareo
1307 1092 1346 1154 ad

173 1180 355 1265 Bosporum
378 1181 474 1263 positi
497 1180 565 1260 (IV.
589 1200 614 1244 1.
640 1183 705 1261 87),
729 1181 808 1244 alter
830 1181 985 1262 Assyriis,
1003 1183 1023 1244 1.
1044 1200 1069 1245 1.
1089 1182 1243 1262 cuneatis,
1267 1180 1352 1243 alter

174 1269 305 1333 Graecis
343 1270 459 1332 litteris
497 1271 662 1352 copiarum
694 1288 867 1333 numerum
907 1270 1115 1333 declarantes.
1171 1269 1235 1333 Sed
1266 1289 1348 1332 num

175 1359 363 1441 scriptorem
395 1359 504 1441 ipsum
542 1359 583 1422 ad
610 1358 747 1422 Tearum
779 1378 885 1442 usque
907 1359 1084 1442 perducere
1116 1377 1248 1422 necesse
1280 1363 1351 1421 cst?

172 1447 289 1511 Nonne
321 1447 474 1510 viderunt
505 1447 662 1511 Herodoti
695 1452 831 1511 aetatem
862 1449 950 1530 iique
981 1447 1115 1511 fortasse
1147 1466 1212 1510 non
1242 1449 1351 1530 pauci,

174 1539 231 1619 qui
262 1556 336 1599 cum
366 1534 465 1600 Darei
493 1537 692 1619 expeditioni
722 1537 959 1618 interfuissent,
991 1538 1046 1600 uti
1065 1537 1104 1599 dc
1127 1536 1213 1599 bello
1237 1537 1284 1600 sic
1308 1536 1347 1600 de

172 1627 288 1688 itinere
312 1626 463 1709 cippique
485 1626 694 1708 inscriptione
717 1633 848 1690 narrare
876 1626 1031 1709 possent?
1064 1624 1258 1709 Quanquam
1282 1645 1347 1708 quo

173 1719 362 1798 argumento
394 1715 512 1777 vicisse
553 1714 615 1777 sibi
654 1715 782 1790 videtur
813 1713 1027 1796 1111111111),
1069 1716 1212 1798 inspecto
1254 1715 1351 1798 cippo

172 1803 306 1887 perfecti
344 1802 481 1866 formam
512 1807 727 1887 «γέγραπται»
759 1804 869 1867 locum
892 1803 1062 1885 habuisse,
1100 1823 1166 1866 non
1203 1807 1344 1886 spectato

173 1894 337 1973 aoristum,
369 1891 474 1975 planis
500 1891 611 1955 formis
644 1893 910 1976 simplicibusque
937 1912 996 1976 pro
1024 1892 1192 1956 intellectu
1219 1892 1347 1975 vulgari

173 1986 204 2044 et
233 1983 332 2044 totius
364 1983 547 2064 graecitatis
565 1983 743 2045 'communi
776 2001 908 2045 sensum
935 1983 1028 2044 inicit
1058 1982 1158 2045 solius
1190 1980 1348 2044 Herodoti

171 2090 345 2154 propnum.

168 2182 169 2186 ¹
262 2159 429 2242 Tanquam
451 2178 550 2243 prope
572 2158 670 2223 fidem
695 2161 736 2223 sit
759 2161 947 2242 scriptorem
971 2164 1054 2222 tecte
1073 2164 1104 2222 et
1123 2159 1252 2222 indiciis
1272 2157 1351 2221 sub·

173 2249 320 2312 tilissime
344 2248 462 2311 abditis
494 2248 752 2332 significaturum
779 2249 888 2330 fuisse,
913 2248 1001 2332 quod
1028 2249 1170 2331 ingenue
1197 2248 1347 2331 proloqui

174 2338 284 2401 nescio
309 2357 391 2420 quae
425 2339 643 2420 aenigmatum
672 2338 789 2421 cupido
819 2338 1019 2421 prohiberet!
1053 2337 1156 2400 Immo
1181 2341 1273 2400 curat
1295 2355 1350 2399 res

174 2448 193 2489 a
215 2425 320 2489 Dareo
344 2431 459 2510 gestas,
483 2445 516 2489 se
540 2427 656 2509 ipsum,
679 2446 739 2490 sua
759 2428 885 2508 itinera,
910 2427 1078 2489 oculorum
1102 2445 1235 2490 suorum
1259 2427 1347 2489 testi-

173 2517 320 2578 monium
347 2534 408 2578 nec
435 2515 539 2577 voluit
572 2535 731 2579 arcessere
758 2535 820 2579 nec
848 2535 928 2599 opus
952 2515 1021 2580 fuit.
1069 2515 1220 2578 doristus
1239 2522 1346 2578 autem

173 2598 336 2688 «ἐγράφη»
359 2605 550 2687 spectationi
573 2605 622 2667 uti
644 2624 711 2667 non
734 2605 821 2668 favet
841 2607 888 2668 ita
910 2624 977 2667 non
1002 2604 1100 2670 obest.

264 2692 408 2756 Dareum
431 2693 516 2776 apud
539 2693 712 2756 Artcscum
741 2693 878 2757 fluvium
910 2713 1045 2778 magnos
1077 2693 1223 2777 lapidum
1246 2693 1350 2756 colles

173 2784 304 2866 congeri
326 2783 461 2845 iussisse
480 2781 547 2862 (IV.
572 2801 597 2846 c.
619 2784 682 2864 92),
701 2782 877 2846 subiecisse
897 2781 1003 2865 Getas,
1022 2802 1119 2867 supra
1138 2783 1346 2866 Apolloniam

173 2870 440 2936 etMesambriam
451 2869 697 2951 Cyrmianarum
705 2870 1349 2955 11111111111111111111111111(111193),

172 2963 249 3024 item
281 2959 434 3023 Getarum
467 2961 506 3023 dc
530 2958 675 3023 Salmoxi
705 2960 831 3023 fabulas
855 2960 924 3044 (IV.
949 2980 974 3023 c.
999 2960 1064 3043 94),
1088 2961 1347 3024 commodissime

173 3070 192 3113 a
224 3049 354 3113 Graecis
386 3068 444 3132 per
480 3048 666 3112 Thracicam
703 3048 800 3112 Ponti
843 3069 931 3112 oram
968 3051 1087 3132 passim
1126 3049 1350 3112 habitantibus

173 3139 285 3202 audire
307 3139 421 3222 potuit,
445 3157 585 3220 quorum
608 3139 792 3201 testimonio
822 3140 926 3201 utitur
953 3137 1010 3205 IV.
1035 3158 1060 3201 c.
1085 3140 1219 3202 95111.

262 3226 351 3303 Quae
376 3246 451 3290 cum
468 3228 514 3290 ita
537 3227 610 3308 sint,
640 3246 706 3289 non
734 3247 829 3310 porro
853 3232 1081 3310 pervagantem
1104 3228 1201 3290 hosce
1224 3232 1346 3290 tractus

172 3316 373 3380 Herodotum
396 3316 574 3399 fingemus;
598 3316 683 3378 idem
707 3336 786 3379 num
806 3316 853 3380 ad
866 3315 987 3378 Istrum
1006 3317 1188 3397 excesserit,
1211 3316 1350 3399 perinde

172 3405 308 3489 ambigo.
354 3404 413 3468 Est
436 3404 522 3467 haud
547 3404 644 3468 dubie
664 3404 704 3468 de
726 3404 809 3468 Istro
834 3406 970 3468 certiora
992 3405 1142 3468 edoctus:
1168 3406 1228 3468 scit
1251 3407 1350 3489 quin·

173 3514 236 3578 que
260 3496 341 3558 ostia
364 3493 439 3578 (IV.·
453 3513 479 3559 1.
498 3492 565 3576 47),
584 3493 701 3556 fluvios
721 3493 804 3557 lstro
832 3499 1037 3558 accurrentes
1056 3493 1126 3578 (IV.
1146 3513 1171 3559 c.
1190 3493 1349 3576 47—49),

171 3585 292 3647 fontem
326 3584 404 3646 oriri
438 3582 477 3646 ad
510 3582 624 3646 urbem
651 3581 802 3663 Pyrenen
835 3583 889 3668 (Π.
919 3602 945 3647 1.
979 3584 1044 3664 33),
1075 3582 1189 3647 urbem
1217 3582 1346 3646 Istriam
1408 3605 1409 3608 ¹

172 3671 284 3756 (ibid),
308 3672 389 3735 adde
411 3671 437 3737 Ι.
462 3691 487 3734 c.
508 3673 582 3754 202,
606 3672 678 3752 alia,
698 3691 836 3754 quorum
854 3672 937 3734 nihil
955 3691 1074 3755 magna
1092 3671 1132 3735 ad
1150 3671 1347 3755 persuaden-

173 3763 252 3826 dum
276 3762 310 3823 vi
331 3763 529 3824 instructum
552 3765 608 3826 est.
633 3817 635 3819 .
655 3759 848 3844 Quanquam
872 3762 944 3824 sine
968 3780 1065 3824 causa
1088 3760 1250 3844 quandam
1276 3780 1346 3824 esse

171 3849 325 3931 11111111)
362 3849 595 3913 dubitationem
635 3851 746 3915 sentio.
811 3849 943 3914 Etenim
981 3852 1129 3934 quamvis
1166 3851 1346 3932 conveniat,

170 3940 251 4028 falsa
282 3939 483 4003 Herodotum
518 3938 557 4002 de
588 3938 673 4002 Istro
706 3944 738 4003 et
769 3936 882 4003 hieme
909 3944 940 4003 et
971 3958 1046 4003 vere
1076 3938 1138 4002 sibi
1166 3940 1237 4022 pari
1261 3958 1357 4002 com--

260 4169 481 4294 11114518

259 4244 282 4383 ⁸))
299 4257 456 4367 111αὲ111
476 4282 637 4382 (11Η11111.
656 4310 727 4366 Mus.
746 4311 795 4381 IV,
814 4328 841 4381 p.
860 4312 932 4382 429).
1056 4349 1059 4353 .
