3022 4890
644 291 865 364 -337

167 466 251 550 ἄγων
281 462 417 532 ἀπίκετο
448 462 505 530 ε’πλ
535 466 687 547 ποταμὸν
716 459 882 549 Ἐρασῖνον,
915 457 948 536 ὃς
968 464 1093 544 λέγεται
1116 457 1200 549 ῥέειν
1223 459 1258 526 ἐκ
1289 467 1345 549 τῆς

166 557 392 640 Στυμφαλίδος
410 557 531 642 λίμνης.
568 553 627 619 σίν
644 552 703 640 γὰρ
723 553 761 640 δὴ
779 555 895 640 λίμνην
912 548 1033 639 ταύτην
1052 549 1084 624 ἐς
1102 549 1209 634 χάσμα
1226 547 1346 635 ἀφανὲς

166 645 353 712 ἐκδιδοῦσαν
389 640 626 727 ἀναφαίνεσθαι
659 641 694 707 ἐν
716 640 833 728 Ἄργεϊ,
870 640 907 706 τὸ
943 639 1098 707 ἐνθεῦτεν
1131 643 1166 706 δὲ
1192 639 1230 705 τὸ
1261 635 1345 726 ὕδωρ

165 734 227 824 ἤδη
257 738 354 800 τοῦτο
367 773 370 777 -
384 728 443 798 ὑπ’
473 728 622 819 Ἀργείων
648 727 807 818 Ἐρασῖνον
834 732 1030 795 καλέεσθαι»
1062 753 1144 816 quae
1176 732 1277 796 verba
1309 737 1347 795 ut

168 828 382 891 concesserim
410 844 477 888 non
505 826 584 888 satis
612 824 707 907 plane
730 843 791 888 nec
814 825 884 886 sine
908 824 997 886 omni
1024 822 1236 906 ambiguitate
1260 823 1346 885 dicta

170 935 249 998 esse,
277 917 323 978 ita
350 933 424 978 reor
454 933 583 977 conexu
614 914 731 976 ductus
760 912 991 996 intellegenda,
1024 911 1214 993 Erasinum,
1248 930 1345 994 quem

168 1009 284 1069 vocent
306 1004 432 1087 Argivi,
462 1023 529 1066 non
555 1007 622 1066 tam
650 1002 787 1065 flurium
817 1021 901 1083 esse,
931 1021 1029 1084 quam
1059 1000 1226 1064 effluvium
1254 1001 1345 1064 lacus

170 1094 410 1177 Stymphalidis.
458 1090 552 1167 Quod
575 1111 636 1155 nec
657 1092 745 1154 favet
767 1092 878 1154 itineri
901 1090 1071 1153 statuendo
1095 1109 1156 1153 neo
1180 1089 1286 1153 officit.

255 1183 411 1267 Epidauri
433 1181 532 1245 fuerit
554 1181 739 1244 Herodotus
763 1199 866 1243 necne
889 1181 1071 1262 ignoratur:
1115 1180 1345 1259 mysteriorum

167 1292 265 1355 quam
283 1271 391 1356 prodit
408 1270 449 1336 V.
469 1290 495 1332 c.
516 1271 557 1334 83
577 1271 724 1333 notitiam
742 1288 800 1352 per
818 1287 870 1331 me
889 1269 964 1331 licet
983 1268 1023 1331 ab
1039 1267 1216 1352 Epidaurio
1236 1269 1344 1331 nescio

167 1379 231 1443 quo
261 1362 434 1444 acceperit,
463 1360 584 1423 dumne
607 1358 802 1442 Epidaurios
825 1359 967 1421 haesisse
989 1358 1025 1419 in
1047 1358 1190 1440 paternis
1213 1356 1345 1420 ruribus

167 1469 317 1534 opineris.

656 1699 757 1772 CAP.
785 1699 851 1772 Vi.

454 1841 504 1921 iia
533 1840 752 1936 Acarnania,
785 1840 902 1938 Epiro,
934 1839 1058 1938 illyria.

256 2019 274 2099 ξ
301 2019 328 2082 1.
376 2015 457 2080 Cum
485 2017 621 2080 Acheloi
652 2016 850 2080 alluvionem
880 2017 922 2080 ad
950 2017 1177 2080 illustrandam
1206 2014 1345 2078 similem

164 2107 232 2171 Nili
250 2109 318 2169 vim
338 2126 375 2170 ac
393 2112 544 2168 naturam
563 2104 713 2169 adhibeat
726 2104 749 2188 1)
768 2105 952 2169 Herodotus
972 2112 1169 2188 ceterosque,
1190 2124 1272 2188 quos
1291 2105 1346 2168 ad·

168 2197 214 2259 dit
240 2195 371 2277 fluvios,
406 2192 638 2257 Scamandrum
670 2215 744 2257 cum
776 2193 953 2277 Simoente,
988 2193 1133 2277 Caicum,
1165 2193 1346 2276 Caystrum,

167 2284 377 2349 Maeandrum
405 2284 522 2347 adiisse
551 2284 786 2347 existimandus
815 2285 867 2362 sit,
899 2303 966 2346 non
993 2286 1102 2367 inepte
1132 2283 1171 2346 de
1200 2283 1344 2346 Acheloo

167 2375 447 2455 idemiudicant.2)
473 2374 627 2436 Attamen
642 2373 882 2436 considerantes
897 2392 958 2436 nec
973 2372 1206 2436 dubitationem
1216 2371 1344 2454 habere,

165 2465 244 2546 quin
264 2465 314 2526 vis
333 2461 470 2525 Acheloi
490 2462 628 2544 ostiique
648 2463 828 2526 alluviones
846 2462 910 2525 late
928 2463 1090 2546 longeque
1109 2463 1257 2545 cognitae
1274 2461 1344 2524 fue-

162 2553 254 2633 erint,
278 2571 338 2615 nec
356 2550 581 2635 probabilitate
595 2551 823 2634 commendari,
839 2570 908 2614 rem
925 2557 993 2614 tam
1011 2552 1122 2615 multis
1141 2551 1228 2614 haud
1248 2550 1345 2614 dubie

164 2647 196 2704 et
218 2644 327 2704 nautis
352 2646 383 2704 et
405 2639 640 2705 mercatoribus
662 2643 766 2703 visam
796 2642 861 2704 nisi
883 2646 1039 2723 tanquam
1066 2642 1102 2703 in
1125 2659 1160 2703 re
1182 2641 1345 2724 praesenti

165 2732 335 2814 comperiri
358 2749 426 2792 non
448 2731 601 2812 potuisse,
624 2732 659 2791 in
684 2729 878 2813 ambigendo
902 2729 1190 2813 perseverabimus

253 2820 271 2900 ξ
295 2820 324 2881 2.
370 2817 462 2902 Epiri
481 2817 652 2881 Dodonam
675 2837 709 2881 se
733 2821 964 2882 commeavisse
988 2820 1058 2924 ipse
1082 2819 1175 2881 solito
1196 2819 1345 2881 disertior

163 2910 253 2972 testis
277 2912 326 2971 est
342 2907 384 2972 Π.
402 2927 427 2972 c.
448 2909 490 2970 52
513 2901 572 2977 «ὡς
596 2901 654 2986 ἐγώ
679 2902 713 2968 ἐν
736 2902 876 2994 Δωδώνη
900 2898 973 2971 οἶδα
993 2900 1128 2977 ακοίσας
1146 2905 1232 2970 κτλ.»
1274 2907 1343 2970 coll.

165 3017 190 3062 c.
215 3000 256 3061 53
282 3002 314 3060 et
337 3016 361 3059 c.
387 3000 438 3062 55,
485 2996 656 3060 Praeterea
678 2997 762 3059 nihil
786 2997 990 3081 exploratum
1013 2996 1177 3060 habemus.

254 3087 272 3167 ξ
297 3088 326 3150 3.
373 3085 407 3150 Si
429 3095 516 3149 recte
538 3087 662 3149 iudicat
684 3085 879 3167 Heysiusi),
903 3086 1122 3169 Apolloniam,
1145 3087 1180 3147 in
1205 3084 1344 3148 celeber-

164 3177 280 3238 rimam
294 3175 427 3256 illyriae
446 3174 569 3256 urbem,
587 3177 650 3238 iter
658 3174 822 3238 Herdotus
842 3176 986 3239 contulit.
1023 3174 1147 3237 Nititur
1164 3176 1216 3236 vir
1232 3174 1344 3238 doctus

165 3264 235 3326 loco
258 3265 278 3326 l.
301 3263 360 3329 IX.
387 3283 411 3326 c.
437 3266 478 3328 93
503 3265 579 3327 hcc:
610 3259 696 3326 «ἔστι
720 3259 755 3325 ἐν
777 3267 818 3351 τῇ
839 3257 1028 3350 Ἀπολλωνίῃ
1051 3257 1153 3350 ταύτῃ
1177 3260 1230 3346 ἱρὰ
1253 3255 1344 3348 ἡλίου

164 3346 327 3437 πρόβατα,
360 3349 402 3415 τὰ
432 3349 489 3423 τὰς
518 3351 579 3432 μὲν
607 3345 727 3436 ἡμέρας
757 3347 905 3433 βόσκεται
934 3350 1026 3436 παρὰ
1054 3346 1216 3432 ποταμόν,
1246 3345 1279 3423 ὃς
1309 3347 1344 3414 ἐκ

164 3437 336 3522 Λάκμονος
350 3437 440 3525 ὄρεος
458 3434 523 3520 ῥέει
542 3437 594 3505 διὰ
612 3445 668 3524 τῆς
681 3435 886 3526 Ἀπολλωνίης
903 3436 1005 3526 χώρης
1028 3436 1060 3512 ἐς
1076 3436 1245 3504 θάλασσαν
1263 3433 1343 3526 παρ’
1365 3483 1367 3487 .

163 3526 288 3616 Ὤρικον
301 3531 414 3610 λιμένα
423 3530 514 3610 κτλ»,
536 3550 618 3614 quae
629 3530 728 3594 rerba
742 3531 886 3614 aliquam
896 3531 1003 3594 labem
1023 3532 1223 3594 contraxisse
1232 3531 1344 3593 riden-

165 3626 225 3686 tur.
249 3621 404 3684 Fluvium
418 3619 651 3704 intellegebant
660 3620 875 3704 Wesselingio
891 3621 973 3684 duce
988 3621 1097 3683 Aoum
1113 3639 1171 3683 seu
1184 3620 1358 3682 Aeantem-

165 3729 271 3793 neque
296 3710 464 3773 oii'ensioni
491 3712 644 3792 cuiquam
672 3710 748 3792 fuit,
775 3710 885 3772 Aoum
913 3711 1045 3773 testium
1068 3711 1248 3788 veteremi)
1271 3727 1344 3791 pro·

256 3886 330 3952 ¹)11.
350 3902 372 3938 c.
395 3890 435 3939 10.
545 3884 567 3954 8)
586 3903 612 3940 v.
631 3885 742 3952 Matzat
761 3885 779 3973 ¹<
800 3901 822 3939 c.
842 3902 867 3968 p.
887 3889 939 3974 497
959 3901 1034 3973 sqq,
1070 3948 1078 3967 ι
1113 3884 1136 3953 ⁸)
1155 3883 1173 3938 l.
1194 3900 1216 3972 a.
1235 3900 1262 3951 p.
1284 3887 1343 3971 133.

166 3956 1344 4096 atriaticumitai-1³·aieretaunasiscitra

165 4101 209 4152 λιν
221 4049 476 4168 (Αιλολλωνίαν).’-.
482 4070 577 4167 Polyb.
591 4099 624 4152 V.
642 4070 702 4153 110}
722 4069 782 4152 «τὸν
799 4080 1018 4172 Ἀηῑονιποταμὸν
1028 4095 1058 4157 ὃς
1076 4048 1213 4172 ρῖῖρνλαρὰ
1226 4097 1278 4169 τὴν
1291 4100 1345 4151 τῶν

165 4163 383 4224 Ἀπολλωνιατῶν
401 4173 505 4223 πολιν».
530 4201 564 4210 -
587 4169 673 4224 Strab.
696 4187 722 4238 p.
743 4173 808 4224 316:
829 4163 860 4222 «d
882 4168 970 4232 'hoca
992 4162 1033 4236 ἕῳ)
1057 4160 1078 4222 ὦ
1102 4162 1263 4224 Ἀπολλωνία
1284 4211 1289 4222 .
1310 4210 1316 4222 .
1337 4209 1343 4222 .

166 4245 214 4295 τοῦ
237 4243 363 4314 ποταμοῦ
389 4239 442 4314 μὲν
470 4234 611 4314 οἱπέχοοσα
635 4243 760 4300 σταδίους
784 4241 872 4295 δέκα».
902 4271 936 4280 —-
955 4241 1028 4296 Mela
1046 4222 1082 4296 Il.
1104 4245 1145 4309 19,
1168 4246 1233 4295 163:
1253 4243 1344 4294 «Aeas

167 4314 318 4367 secundum
336 4311 508 4380 Apolloniam
527 4315 594 4366 etc.»

1165 4407 1181 4456 3
