3022 4890
664 272 881 334 „10-

276 451 294 531 ξ
318 452 347 513 3.
395 448 507 513 Olbiae
530 450 731 513 Herodotum
752 454 984 511 commoratum
1003 468 1122 530 omnes
1143 448 1229 531 quod
1252 448 1361 527 sciam,

185 545 340 623 tanquam
359 559 428 603 rem
437 539 533 622 plane
543 544 662 602 certam
672 557 709 601 ac
719 556 904 600 concessam
924 538 1078 601 adserunt
1090 539 1122 617 1).
1152 536 1241 612 Quae
1251 537 1360 600 nescio

187 630 243 711 qui
253 629 381 711 probari
391 630 500 711 possit,
511 647 586 691 cunr
595 645 702 709 neque
711 631 794 689 tecte
804 646 942 708 usquam
952 646 1060 709 neque
1070 627 1187 690 diserte
1198 619 1363 710 αὕτοψίαν

185 717 399 801 significatam
426 717 561 781 videam.
598 715 678 778 Mihi
707 734 836 798 quoque
859 735 1050 799 persuasum
1078 722 1134 797 est,
1162 716 1249 778 haud
1267 714 1363 778 facile

184 806 332 869 futumm
354 806 463 887 fuisse,
486 811 523 867 ut
547 804 688 868 Graecus
711 804 806 866 homo
824 805 985 888 'neglecta
1009 803 1112 886 olbia,
1142 805 1267 868 colonia
1290 806 1362 866 eius

187 897 329 978 regionis
361 895 457 977 longe
486 894 721 974 florentissima,
751 912 792 956 ex
816 890 948 975 Scythia
971 892 1169 970 abscederet3
1200 894 1257 956 sed
1286 913 1360 956 cum

186 985 471 1067 peregrinationes
490 985 574 1046 sicut
593 987 710 1045 cuncta
728 982 879 1064 humana,
901 983 966 1046 fors
984 987 1083 1066 regat,
1106 1003 1213 1066 neque
1230 982 1361 1045 fortuita

187 1072 280 1136 nobis
310 1074 346 1135 in
376 1073 639 1155 disceptationem
669 1071 794 1146 cadant,
826 1092 863 1136 ea
886 1077 1077 1155 argumenta
1100 1073 1226 1135 cautius
1247 1072 1362 1154 procul

186 1167 345 1243 arcentur,
371 1181 509 1244 quorum
528 1167 706 1243 utcumque
726 1179 819 1222 casus
837 1163 996 1244 particeps
1016 1165 1071 1224 est.
1095 1161 1265 1225 Praeterea
1283 1160 1362 1222 haec

187 1251 446 1315 considerentur:
487 1249 544 1315 IV.
578 1269 603 1312 c.
638 1252 678 1312 17
721 1251 918 1313 enumeratio
957 1252 1105 1334 gentium
1138 1250 1361 1331 Scythicarum

187 1339 227 1403 ab
262 1338 357 1403 Olbia
394 1341 519 1422 incipit,
560 1345 670 1422 utpote
710 1357 792 1419 quae
832 1341 930 1402 totius
972 1359 1045 1403 orae
1078 1341 1221 1403 medium
1253 1339 1362 1401 locum

185 1434 309 1508 teneat3
344 1433 564 1492 memorantur
602 1433 633 1491 et
672 1446 755 1509 quae
789 1424 902 1491 Olbiae
934 1428 1073 1491 finitima
1108 1430 1170 1491 fuit
1200 1421 1362 1490 Ἱππόλεω

187 1514 267 1602 ἄκρη
298 1524 329 1580 et
361 1519 473 1580 fanum
497 1515 621 1580 Cereris
650 1518 685 1578 in
708 1517 765 1578 illa
788 1522 989 1580 exstructum
1013 1517 1070 1583 lV.
1094 1538 1119 1581 c.
1144 1519 1202 1594 533
1228 1515 1362 1579 observa

187 1608 274 1690 quod
304 1607 392 1669 addit
418 1605 554 1668 ibidem:
580 1609 704 1689 «πέρην
722 1603 756 1666 δὲ
779 1610 837 1667 τοῦ
860 1604 931 1688 ἱροῦ
954 1602 1011 1668 ἐπὶ
1038 1609 1084 1691 aqi
1109 1600 1232 1669 Ὑπάνι
1263 1611 1361 1683 Βορυ-

185 1698 350 1757 ueroeam
377 1697 608 1778 κατοίκηνται.»
662 1692 757 1756 Olbia
799 1696 839 1758 ad
872 1697 989 1758 ostium
1021 1696 1171 1778 Hypanis
1207 1696 1311 1779 posita
1344 1715 1363 1757 a

186 1785 389 1866 Borysthene
419 1803 518 1867 prope
551 1783 653 1846 abfuit
681 1803 717 1846 ac
745 1786 836 1847 novit
864 1786 1003 1867 scriptor
1034 1792 1210 1868 utrumque
1233 1803 1362 1848 amnem

188 1872 406 1956 describitque
426 1872 492 1952 (IV.
518 1874 560 1934 52
585 1872 643 1955 sq.)
666 1877 821 1955 tanquam
841 1875 1038 1937 certissimae
1062 1875 1214 1937 scientiae
1237 1875 1362 1956 plenus.

186 1963 325 2026 Accedit
356 1962 443 2044 quod
474 1961 515 2024 ad
537 1961 762 2044 Exampaeum
785 1963 894 2026 nescio
918 1964 1005 2026 unde
1028 1962 1156 2026 facilior
1179 1963 1285 2026 aditus
1308 1982 1363 2044 pa-

184 2053 283 2115 tuerit
295 2071 392 2133 quam
406 2049 445 2113 ab
458 2048 560 2114 Olbia.
582 2050 802 2134 Olbiopolitas,
824 2053 887 2133 vel,
897 2058 934 2115 ut
945 2053 990 2115 ait
998 2053 1076 2134 ipse,
1088 2052 1361 2132 Borystheneitas

185 2145 283 2204 testes
307 2141 427 2202 excitat
448 2138 505 2201 IV.
531 2160 555 2202 c.
582 2143 623 2203 78
647 2159 754 2222 neque
779 2141 891 2204 dubito
916 2143 996 2225 quin
1021 2160 1103 2223 quae
1127 2160 1171 2204 co,
1189 2141 1209 2205 l.
1229 2140 1285 2202 IV.
1311 2142 1361 2204 78.

187 2232 237 2293 79.
273 2231 315 2292 80
344 2231 551 2292 continentur
582 2229 759 2292 eorundem
791 2250 833 2294 ex
865 2232 1020 2294 memoria
1052 2230 1217 2293 fluxerint.
1273 2228 1362 2304 Quae

186 2338 261 2380 cum
281 2320 453 2381 coniuncta
471 2318 718 2382 similitudinem
747 2320 818 2382 veri
841 2319 876 2381 in
909 2321 1100 2382 universum
1127 2319 1363 2402 agnoscendam

184 2427 249 2469 non
272 2407 477 2470 mediocriter
502 2408 691 2471 confirmare
713 2408 893 2490 rideantur,
911 2408 1168 2492 probabilitatem
1188 2408 1364 2471 concedere

184 2515 250 2558 non
282 2515 397 2558 moror.
446 2494 508 2558 Sed
536 2516 611 2560 cum
640 2501 727 2559 certa
757 2516 817 2561 nos
840 2498 995 2561 noscendi
1019 2517 1130 2561 curam
1154 2497 1362 2579 subierimus,

185 2586 366 2648 constantia
388 2587 499 2667 poscit,
523 2591 560 2649 ut
581 2584 743 2648 iudicium
764 2587 801 2648 in
824 2605 981 2671 suspenso
1005 2587 1236 2668 relinquamus

274 2676 346 2753 §tt
394 2672 598 2757 Oarcinitis2)
623 2675 776 2758 oppidum
800 2675 850 2739 bis
882 2682 1150 2759 commemoratur
1178 2674 1234 2739 IV.
1260 2694 1285 2737 c.
1309 2676 1361 2738 55.

144 2826 145 2829 ,
185 2767 217 2826 et
236 2783 262 2825 c.
287 2765 338 2844 99,
363 2763 419 2826 sed
444 2768 713 2827 commemoratur
735 2770 871 2827 tantum.
909 2765 976 2829 Scit
993 2764 1178 2827 Herodotus
1197 2756 1362 2846 Ἀχιλλήιον

185 2847 335 2934 epipam)
357 2852 457 2915 littori
480 2855 565 2916 inter
599 2849 726 2915 Olbiam
752 2853 1043 2937 Oarcinitidemque
1066 2858 1278 2936 praetentum,
1301 2851 1361 2914 flu·

184 2943 274 3003 vium
299 2942 384 3024 apud
409 2941 637 3005 Oarcinitidem
657 2943 692 3004 in
715 2962 804 3007 mare
826 2944 969 3006 incidere
987 2942 1193 3026 Hypacyrin3
1218 2943 1253 3004 in
1272 2960 1361 3004 men-

185 3032 270 3092 suris
295 3032 529 3094 constituendis
553 3031 761 3096 meridionale
781 3030 931 3113 Scythiae
950 3033 1034 3095 latus
1058 3031 1097 3094 ab
1121 3031 1196 3095 istri
1215 3033 1296 3094 ostio
1320 3031 1361 3093 ad

186 3118 414 3181 Oarcinitidem
434 3122 597 3184 extendit:
623 3119 742 3203 quibus
761 3141 802 3184 ne
822 3122 960 3184 nimium
979 3120 1103 3183 tribuas
1121 3140 1189 3183 non
1208 3126 1256 3184 est
1275 3123 1360 3202 quod

185 3227 341 3272 moneam.
394 3209 531 3273 Accedit
574 3210 661 3293 quod
693 3210 777 3274 latus
815 3212 845 3273 ei
878 3209 1029 3290 Scythiae
1060 3210 1269 3272 meridionale
1303 3208 1359 3273 IV.

184 3317 210 3360 c.
245 3299 286 3360 99
330 3296 368 3359 ab
407 3297 490 3361 istro
528 3299 567 3362 ad
605 3299 843 3381 Oarcinitidem,
878 3299 936 3364 IV.
979 3319 1004 3362 c.
1043 3300 1103 3363 101
1142 3299 1286 3361 indidem
1319 3297 1359 3360 ad

184 3384 326 3449 Maeotin
348 3388 494 3468 pertinet.
542 3387 576 3452 Si
600 3389 753 3452 adfuisset
778 3388 981 3462 Oarcinitide,
1005 3388 1092 3451 haud
1118 3388 1183 3450 scio
1210 3407 1251 3449 an
1275 3406 1360 3448 corn-

184 3476 362 3558 putationis
391 3475 523 3540 aliunde
555 3477 688 3540 haustae
718 3479 834 3541 vitium
863 3498 930 3544 suc
949 3477 1071 3539 iudicio
1103 3476 1362 3558 deprehensurus

184 3564 291 3639 fuerit,
317 3565 436 3647 quippe
456 3564 682 3630 Oarcinitidem
703 3568 804 3650 spatio
825 3568 974 3649 quamvis
994 3567 1112 3648 exiguo
1131 3572 1240 3627 tamen
1258 3563 1360 3627 haud·
1392 3638 1395 3644 ¹

189 3673 353 3736 quaquam
377 3655 577 3738 neglegendo
602 3675 620 3717 a
644 3655 803 3718 Maeotide
828 3656 954 3719 distare.
1000 3654 1082 3728 Nolo
1105 3672 1249 3737 premere
1274 3652 1360 3735 quod
1432 3679 1434 3682 ·

184 3742 388 3825 Hypacyrin,
411 3763 566 3827 magnum
590 3764 727 3826 amnem,
752 3764 850 3827 quem
877 3744 944 3806 illic
974 3743 1078 3806 Ponto
1102 3742 1235 3805 adfundi
1258 3746 1361 3825 putat,

280 4008 302 4074 1)
321 4007 381 4061 Ut:
401 4006 501 4076 Heyse,
521 4008 539 4060 l.
559 4025 581 4062 c.
601 4027 626 4076 p.
643 4013 701 4062 13⁴2.
721 4009 892 4062 -Niebuhr
911 4009 927 4060 l.
943 4025 965 4061 e.
982 4025 1007 4076 p.
1028 4012 1087 4062 358.
1107 4037 1140 4046 —-
1159 4006 1279 4074 Hansen,
1297 4006 1314 4060 l.
1337 4023 1361 4059 c.

188 4096 214 4147 p.
231 4083 254 4132 3.
276 4079 291 4145 ξ
311 4084 336 4132 9.
356 4108 388 4119 -
409 4079 554 4133 Neumann
572 4080 590 4133 l.
612 4097 633 4133 c.
653 4096 679 4148 p.
702 4083 759 4133 102.
780 4111 813 4118 —
833 4080 916 4146 Stein
935 4079 953 4132 l.
973 4095 995 4132 o.
1015 4096 1040 4147 p.
1059 4078 1137 4132 XIX.

274 4150 296 4216 2)
315 4150 356 4202 Ile
376 4151 432 4202 situ
445 4151 590 4204 convenire
603 4166 676 4203 nunc
688 4151 809 4205 videtur:
830 4152 862 4204 cf.
877 4150 987 4204 Hanscn
997 4150 1015 4203 l.
1026 4166 1049 4203 o.
1063 4167 1087 4218 p.
1103 4153 1136 4204 23
1151 4166 1209 4218 sqq.
1223 4150 1239 4216 ξ
1253 4153 1286 4203 73
1300 4165 1359 4216 sqq.

182 4220 327 4275 Neumann
345 4221 362 4274 l.
383 4238 407 4275 c.
427 4239 453 4289 p.
474 4226 524 4276 377
546 4238 585 4290 sq.
607 4223 708 4290 quique
735 4222 848 4276 abistis
868 4222 1019 4276 laudantur.

272 4293 294 4361 3)
314 4293 360 4346 lV.
382 4309 419 4346 ec.
440 4299 481 4347 55.
502 4298 543 4347 76.
