3022 4890
640 296 869 370 ‚46—

185 505 243 546 νον
260 477 387 554 Πόντος
407 479 502 554 οὗτος
520 483 573 545 καὶ
591 478 759 566 Βόσπορός
776 504 813 546 τε
831 483 886 546 καὶ
903 477 1132 562 Ἑλλήσποντος
1151 477 1233 546 οὕτω
1251 487 1290 546 τέ
1305 506 1361 564 μοι

185 576 402 655 μεμετρέαται
440 573 494 634 καὶ
525 569 608 634 κατὰ
640 568 681 635 τὰ
714 570 866 658 εἰρημένα
898 568 1087 653 πεφύκασι».
1143 573 1229 650 Quid
1260 574 1360 637 vero?

185 663 300 726 Fuisse
329 661 531 725 Herodotum
559 661 712 742 Byzantii
736 664 824 725 etin
849 661 1000 726 Colchide
1023 664 1248 742 concedimus3
1273 663 1360 726 idem

186 753 267 834 quin
299 752 397 814 Asiae
427 770 514 813 oram
547 751 661 834 legerit
690 751 825 814 dubium
851 753 909 814 vix
933 757 994 831 cst3
1026 753 1113 815 hunc
1137 772 1267 815 cursum
1290 753 1361 836 ipse

186 859 220 904 se
252 845 389 903 testatur
421 858 588 903 emensum
621 859 703 904 esse:
743 860 852 904 nonne
880 843 961 904 ratio
995 843 1089 924 cogit,
1120 842 1360 924 navigationem

185 929 365 992 secundum
396 929 495 992 Ponti
535 930 772 1012 longitudinem
811 929 929 993 factam
964 930 1128 994 statuere?
1175 928 1279 993 Sentit
1314 932 1361 993 ita

184 1017 360 1101 Steiniusl)
388 1037 449 1082 nec
481 1037 573 1081 secus
604 1018 644 1082 de
671 1018 830 1099 Byzantio
867 1020 988 1082 ostiove
1017 1018 1166 1082 Phasidis
1193 1019 1316 1082 iudicat
1303 1022 1360 1099 t2).

185 1107 361 1170 Mirort
305 1112 361 1170 aut
363 1126 415 1172 em
435 1108 522 1190 quod
542 1107 671 1170 illudt
645 1113 707 1170 iter
724 1126 782 1191 pro
801 1108 865 1171 fac
853 1113 884 1171 0
904 1109 1065 1190 accipiens
1085 1109 1246 1171 diversam
1264 1109 1362 1209 plane

183 1199 298 1260 vimt
285 1196 400 1260 tribuit
423 1196 531 1260 verbis
555 1196 700 1260 eiusdem
726 1216 869 1261 conexus
897 1197 1038 1260 hisee:«
1026 1191 1076 1267 «ἐς
1099 1195 1134 1259 δὲ
1159 1191 1360 1302 Θεμισκύρην

183 1307 243 1348 τιν
266 1280 323 1346 επὶ
328 1280 563 1392 Θερμώδοντι
582 1288 722 1370 ποταμοῖ
752 1306 787 1347 εκ
813 1289 923 1371 τῆς
899 1286 1042 1390 Σινδικῆς
1065 1283 1158 1370 (κατὰ
1182 1289 1277 1347 τοῦτο
1301 1281 1359 1367 γαρ
1467 1322 1470 1330 1

184 1370 252 1437 εοτι
284 1378 342 1437 τοῖ
364 1370 494 1439 Πόντον
527 1367 711 1458 εὗρίτατον)
735 1379 831 1458 τριῶν
853 1395 889 1437 τε
915 1368 1058 1460 ἡμερέων
1081 1395 1134 1436 και
1158 1369 1214 1437 δυο
1238 1378 1362 1437 νυκτῶν

185 1458 295 1535 πλόος.
301 1489 316 1523 >>
360 1463 433 1527 Hoc
455 1482 584 1546 quoque
608 1466 779 1547 spatium
771 1485 878 1547 ipsum
902 1483 935 1528 se
959 1483 1127 1528 emensum
1151 1464 1229 1527 dicit
1251 1464 1361 1528 verbis

183 1556 226 1617 ist
227 1555 256 1616 is
293 1573 390 1637 supra
409 1553 597 1658 adscriptis
651 1553 794 1616 Aduolat
817 1552 960 1617 Steinius
983 1553 1033 1616 ad
1048 1553 1104 1618 IV.
1129 1573 1154 1618 c.
1180 1555 1221 1616 86
1245 1558 1359 1634 «μεμέ-

182 1663 298 1726 τρηται
332 1662 373 1707 sc.
403 1636 478 1722 ἐμοί
506 1643 580 1721 (14),
609 1643 670 1704 ich
700 1642 783 1704 habe
807 1642 910 1704 durch
931 1642 1149 1725 Berechnung
1172 1645 1359 1726 gemessen

182 1732 344 1795 Aehnlich
373 1731 391 1794 I
421 1733 462 1795 93
495 1733 545 1794 11
595 1729 661 1794 Der
684 1730 735 1794 vf.
765 1731 820 1793 hat
807 1735 933 1793 tzwar
956 1731 1018 1794 den
1047 1730 1132 1794 Pont
1119 1736 1168 1795 tos
1196 1731 1361 1803 befahren

184 1820 261 1884 aber
284 1821 373 1883 nicht
360 1822 431 1882 tin
456 1820 519 1883 den
541 1819 612 1883 hier
630 1818 858 1902 angegebenen
877 1818 1119 1885 Dimensienen.
1165 1819 1227 1884 Die
1249 1819 1362 1884 Dauer

108 1932 109 1935 ¹
185 1910 242 1973 der
264 1909 403 1972 Pahrten
428 1909 538 1972 effuhr
560 1927 595 1971 er
617 1909 714 1972 leicht
733 1928 792 1970 aus
811 1908 874 1971 den
893 1908 1154 1972 Schiffshiichern
1179 1908 1360 1993 (περίπλοι)

185 1998 241 2061 der
273 1998 532 2062 Pontosfahrer».
584 1997 670 2061 Pieri
696 1998 856 2060 mehercle
886 2017 952 2060 non
975 2003 1088 2081 potest,
1111 2004 1148 2061 ut
1169 1998 1234 2062 fide
1256 1998 1359 2061 Hero-

184 2087 257 2150 doto
278 2088 428 2170 derogata
447 2088 522 2149 navi
541 2105 615 2149 eum
625 2087 861 2170 longitudinem
873 2086 969 2149 Ponti
984 2106 1152 2150 emensum
1166 2087 1356 2150 infitiamur:

185 2177 303 2259 quippe
315 2176 391 2238 dicit
400 2177 477 2258 ipse.
498 2175 660 2257 Sequitur,
671 2181 708 2239 ut
717 2177 778 2239 iter
788 2174 952 2239 Sindicam
962 2176 1047 2239 inter
1055 2176 1360 2259 Themiscyramque

184 2266 262 2328 item
281 2265 461 2345 confecerit,
476 2285 551 2327 cum
565 2283 716 2348 perverse
732 2271 872 2348 putares,
890 2265 976 2328 idem
989 2265 1126 2328 verbum
1137 2270 1168 2328 et
1187 2266 1358 2329 emetiendi

184 2360 216 2416 ct
243 2354 451 2436 computandi
475 2353 766 2436 significationibus
786 2354 883 2416 simul
907 2373 976 2417 esse
995 2354 1183 2436 praeditum.
1218 2352 1357 2418 Omnino

183 2461 249 2504 non
269 2443 448 2525 adstipulor
466 2442 587 2506 Steinio
608 2444 830 2526 interpretanti
849 2443 920 2505 «ich
939 2442 1021 2506 habe
1033 2443 1134 2506 durch
1142 2442 1359 2527 Berechnung

183 2549 380 2614 gemessen»3
405 2535 551 2611 μετρέειν
574 2532 656 2593 nihil
689 2530 850 2614 significat
874 2533 938 2594 uisi
962 2559 975 2586 ‹<
983 2533 1111 2594 metiri»
1131 2551 1192 2595 nec
1208 2533 1305 2596 aliam
1322 2533 1358 2594 in

183 2621 263 2698 loco
291 2624 447 2703 quemt
412 2619 554 2683 Steinius
578 2619 689 2701 adfert,
712 2620 732 2684 l
756 2619 780 2683 I.
806 2640 831 2684 c.
864 2623 915 2701 93,
945 2621 1111 2706 notionem
1145 2621 1358 2773 deprehendo

183 2670 293 2772 Verba
312 2709 433 2772 faciens
451 2707 636 2771 Herodotus
656 2708 695 2771 de
710 2709 836 2771 tumulo
856 2710 956 2790 Alyat
957 2709 1147 2791 1ἰεε<<<<οιίροι
1167 2710 1251 2772 δέ»
1242 2711 1358 2793 inquit

183 2801 282 2859 πέντε
301 2792 417 2868 εόντες
434 2792 482 2859 ἔτι
504 2817 558 2858 και
577 2817 608 2868 ες
627 2792 684 2877 ἐμε
703 2784 782 2903 ἦσαν
811 2793 868 2859 ε’πὶ
890 2801 949 2860 τοῦ
972 2792 1112 2900 αρ’ματος
1131 2794 1203 2878 α’νω,
1227 2802 1283 2859 και
1303 2817 1358 2878 σφι

183 2907 355 2988 γραμματο
384 2881 617 2948 ἐνεκεκόλαπτο
653 2907 694 2948 τα
734 2882 861 2949 ε’κοοτοι
889 2882 1099 2994 εξεργοίσαντο
1123 2908 1176 2949 και
1208 2882 1357 2967 εφοίνετο

182 2969 399 3059 μετρεόμενον
421 2971 457 3037 τὸ
481 2978 545 3037 τῶν
563 2971 793 3038 παιδισκέων’
773 2996 864 3059 εργον
882 2971 936 3038 εόν
953 2995 1125 3056 μεγιοτον.»
1117 2975 1358 3040 >Probabilius

181 3084 291 3127 nonne
322 3071 378 3146 est,
357 3065 562 3128 ttHerodo
549 3070 619 3128 tum
654 3065 703 3128 vel
736 3065 885 3148 passibus
918 3066 970 3128 vel
993 3059 1132 3152 ὀργοιρσι
1156 3066 1357 3146 singularum

181 3156 323 3237 partium
345 3154 604 3237 magnitudinem
629 3172 794 3217 emensum
814 3174 892 3232 esse,
926 3174 1036 3238 quarn,
1070 3160 1105 3219 ut
1092 3154 1194 3218 vutlt
1213 3153 1356 3217 Steinius

181 3243 223 3306 ad
255 3244 284 3305 h.
322 3243 354 3325 l,
387 3243 574 3306 discrimina
606 3245 747 3327 partium
778 3245 913 3307 istarum
950 3245 1095 3307 numeris
1126 3246 1161 3306 in
1200 3244 1356 3325 terminis,

183 3351 265 3414 quos
290 3332 368 3394 dicit
390 3332 585 3412 Herodotus,
609 3331 789 3415 significata
812 3332 933 3396 fuisse?
958 3331 1052 3408 Quod
1070 3333 1186 3395 inutile
1210 3332 1356 3408 dixerim,

182 3441 257 3484 cum
285 3421 398 3504 fugere
427 3422 591 3484 neminem
618 3425 734 3504 posset,
764 3440 846 3504 quae
874 3423 978 3484 maior
1000 3442 1073 3504 pars
1096 3423 1242 3484 minorve
1266 3426 1358 3502 esset,

183 3529 221 3573 ac
240 3510 403 3574 sufficeret
422 3510 574 3588 indicare,
593 3510 654 3573 hoc
673 3529 743 3573 esse
762 3529 842 3593 opus
860 3512 1076 3593 meretricum,
1094 3511 1176 3573 illud
1197 3510 1357 3594 opificum.

180 3598 223 3662 Et
247 3600 325 3662 dicit
352 3599 547 3679 Herodotus,
578 3601 725 3663 metienti
757 3598 819 3662 sibi
847 3601 1032 3683 apparuisse
1070 3599 1120 3662 «τὸ
1153 3603 1217 3661 τῶν
1252 3599 1357 3661 παιδι-

181 3692 279 3750 σκέων
302 3683 393 3771 ἔργον
415 3683 469 3749 ἐὰν
487 3692 659 3767 μέγιστον»
684 3689 723 3751 de
742 3689 887 3751 numeris
905 3691 941 3750 in
959 3688 1121 3772 lapidibus
1143 3690 1255 3752 incisis
1274 3693 1358 3751 tacet

181 3797 242 3841 nec
273 3796 325 3840 res
356 3776 532 3860 probabilis
561 3782 616 3843 est.
671 3777 741 3860 Ego
772 3782 879 3840 autem
908 3797 975 3841 non
1004 3778 1109 3853 video,
1139 3778 1218 3860 quid
1242 3796 1357 3841 causae

180 3866 287 3947 fuerit,
311 3885 369 3929 cur
391 3867 453 3929 iter
475 3866 558 3929 illud
576 3870 741 3949 tantopere
765 3865 920 3950 Steini03)
944 3867 1134 3951 dispHceret.
1181 3866 1286 3948 Putat,
1305 3866 1358 3930 vel

310 4042 392 4108 praef.
411 4058 436 4111 p.
455 4041 526 4095 XlX
545 4059 583 4110 sq.

311 4113 375 4168 ibid.
394 4130 437 4181 pp.
457 4113 535 4168 XJX.
554 4113 620 4168 XX.

283 4185 292 4253 )
311 4184 387 4238 Idem
416 4185 520 4238 iudicat
541 4184 657 4250 Kolsten
684 4185 702 4238 l.
723 4201 745 4238 c.
765 4201 790 4252 p.
813 4188 863 4238 589
884 4200 932 4253 sq.,
952 4187 1111 4254 argumento
1130 4185 1209 4238 nisus
1227 4182 1358 4253 perquam

180 4271 264 4322 ruam,
310 4271 393 4322 urpe
421 4273 450 4308 1n
464 4272 512 4309 erv
550 4273 598 4308 um
625 4273 653 4308 1n
668 4272 697 4308 er
756 4271 817 4309 sum
846 4272 860 4309 e
920 4272 965 4309 mo
985 4273 1019 4309 en
1041 4272 1214 4310 menecum
1242 4271 1358 4309 coararr

183 4255 550 4380 ‘NJ'rpjfipd'ttall
628 4256 753 4323 'tIp
862 4255 1167 4324 tS'p't't
1305 4256 1355 4307 t·

180 4342 300 4380 mmrsa
363 4342 407 4380 ero
427 4343 480 4381 oo.
