3022 4890
669 267 865 325 ..7.-

181 442 287 525 potius
305 442 435 504 videtur
453 446 574 524 putare,
594 477 635 486 -
646 461 722 503 nam
733 441 908 504 divinanda
918 459 1015 503 causa
1029 447 1077 503 est
1094 442 1129 502 in
1148 444 1237 503 tanta
1255 440 1354 503 aduo-

182 531 381 593 tatiunculae
410 530 568 593 brevitate
601 567 653 610 -,
681 530 824 613 intellegi
852 549 918 592 non
945 548 1055 613 posse,
1086 530 1164 612 quid
1193 530 1291 592 talem
1313 529 1355 592 ad

181 620 422 702 navigationem
465 620 611 682 allexerit
645 620 926 702 peregrinatorem.
995 617 1058 682 Sed
1099 638 1180 703 opus
1221 619 1355 701 suscipit

180 708 387 792 perarduum,
419 709 475 790 qui
508 727 642 771 casuum
676 709 764 771 vices
795 707 1039 789 ludibriumque
1069 708 1257 771 coniciendo
1283 726 1354 790 per—

181 799 273 880 sequi
305 802 448 861 conatur.
500 796 575 860 Sive
604 798 787 860 commercii
811 795 1049 872 eausa-sinoce
1073 797 1153 861 adiit
1176 798 1245 860 sive
1267 815 1355 859 mera

183 887 367 949 sciscitandi
400 886 584 969 cupiditate,
616 906 675 949 nos
705 887 839 948 minime
868 885 1022 948 debemus
1047 885 1230 949 dubitantes
1253 885 1295 948 ad
1318 903 1356 948 ea

186 975 346 1053 accedere,
370 995 508 1057 quorum
533 976 730 1038 accuratiore
753 976 887 1037 scientia
910 994 1064 1040 caremus

275 1083 346 1160 §2
392 1080 431 1143 In
462 1080 595 1162 Scythia
625 1080 827 1145 Herodotum
864 1080 1013 1161 adfuisse,
1042 1100 1101 1164 ego
1126 1081 1256 1165 quidem
1280 1100 1355 1143 con·
1400 1094 1407 1106 ‘

185 1170 280 1232 cludo
305 1189 321 1232 e
345 1171 364 1232 l.
389 1169 446 1232 IV.
470 1190 495 1235 c
522 1173 573 1250 81
597 1172 690 1233 cuius
713 1170 776 1232 loci
803 1170 931 1252 pondus
954 1175 990 1233 ut
1014 1170 1201 1233 amoliretur
1229 1169 1355 1232 Hause-

184 1260 260 1322 nius
271 1259 293 1341 1)
316 1259 399 1322 frust
386 1263 435 1321 tra
457 1260 598 1322 luottatus
618 1263 673 1323 est.
720 1258 764 1321 Ut
783 1264 888 1322 cetera
906 1278 995 1321 nunc
1013 1261 1147 1340 mittam
1170 1259 1355 1341 imperfecto

179 1354 216 1410 ut
204 1347 383 1411 tiHerodot
370 1352 500 1412 ttunrat
473 1348 598 1412 ttende:
624 1328 773 1410 «τοσόνδε
791 1352 904 1454 partor
921 1341 1103 1427 ἀπέφαινόν
1116 1370 1172 1427 μοι
1191 1343 1222 1418 ἐς
1241 1343 1353 1433 ὅψιιις

180 1439 294 1498 «τοῦτο
318 1423 362 1499 ὧν
394 1432 502 1515 ἔλεγον
530 1435 561 1498 οι
595 1431 759 1518 ἐπικαίριοι
788 1430 854 1499 ἀπὸ
877 1429 1000 1542 ιιρδίων
1025 1439 1207 1518 γενέσθαι>>;
1231 1457 1355 1498 «ταυτα

181 1524 215 1588 δι
243 1525 320 1607 περὶ
342 1549 400 1588 roo
424 1520 570 1610 πλήθεος
600 1529 658 1588 τοῦ
685 1521 884 1588 Σκυθέων
867 1522 1009 1610 ἤκουον»
1059 1519 1251 1608 Ἐπιχιιρίων
1278 1545 1355 1589 sane

180 1617 403 1678 testimonium
436 1616 629 1698 aliquotiens
661 1615 799 1678 adhibet
786 1621 840 1678 tur
872 1635 998 1695 eorum
1029 1636 1167 1698 quorum
1201 1616 1241 1678 ad
1273 1615 1355 1678 fines

183 1724 249 1766 non
268 1723 427 1767 meavisse
436 1703 638 1768 Herodotum
658 1705 816 1770 convenit.
795 1705 916 1767 tHoc
935 1704 1099 1768 luculente
1120 1705 1356 1768 demonstratur

180 1792 288 1857 verbis
312 1793 331 1858 l.
355 1793 411 1858 IV.
437 1813 461 1857 c.
495 1795 574 1858 184:
608 1796 704 1855 τοῦτο
734 1790 791 1855 cria
817 1796 907 1854 κίονα
937 1797 996 1855 τοῦ
1019 1786 1156 1876 οὐρανοῦ
1179 1793 1302 1872 λέγουσι
1325 1790 1356 1853 οἱ

181 1876 365 1965 ἐπιχώριοι»
404 1903 479 1945 narn
516 1883 555 1946 de
586 1884 718 1946 Atlante
747 1902 850 1946 sermo
882 1887 937 1947 est.
993 1884 1061 1946 Αιιι
1093 1885 1274 1946 sciscitatus
1308 1886 1356 1944 est

180 1971 325 2034 Herodot
313 1977 365 2035 tus
390 1972 428 2034 ab
448 1972 563 2034 incolis
587 1974 666 2053 eius
692 1973 731 2035 de
756 1992 819 2055 qua
843 1973 917 2054 agit
940 1973 1091 2055 regionis
1115 1979 1170 2035 aut
1158 1973 1276 2035 talii
1267 1991 1355 2035 inco-

181 2061 229 2124 las
251 2061 325 2124 illos
349 2062 396 2124 sic
419 2061 519 2162 loqui
533 2067 755 2141 narraverunt
778 2060 980 2123 utfabulam
1002 2061 1062 2124 Aet
1049 2061 1195 2150 thiopum
1216 2060 1255 2123 de
1279 2061 1355 2123 solis

180 2168 293 2212 mensa
315 2169 380 2212 non
401 2149 468 2212 ab
460 2151 539 2232 ipsis
562 2081 800 2233 Aethiopibrisu
796 2150 931 2232 accepit:
957 2148 1026 2229 (ΙΙΙ.
1052 2169 1076 2212 c.
1103 2149 1156 2232 18)
1180 2143 1300 2228 «φάναι
1321 2147 1355 2210 δὲ

181 2233 256 2308 τούς
279 2233 498 2340 ἐπιχωρίοις
490 2237 566 2300 κτλ»
586 2259 628 2304 sc
652 2238 824 2317 «λέγεται».
871 2238 935 2300 Hic
955 2258 1084 2321 quoque
1103 2243 1140 2302 ut
1127 2238 1214 2302 tIV
1240 2257 1265 2303 c.
1292 2239 1355 2301 184

180 2326 371 2406 «λέγουσι
340 2350 370 2388 οι
394 2322 579 2411 ἐπιχώριοι»
605 2329 711 2391 dicere
735 2333 790 2412 pot
791 2329 847 2392 uit.

271 2427 450 2516 Ἐπιχιιριοι
468 2435 569 2518 igitur
585 2436 612 2498 si
631 2437 762 2498 testium
780 2453 913 2497 munere
923 2433 1114 2518 funguntur
1133 2435 1355 2498 adiumentum

182 2524 222 2586 de
246 2529 333 2606 spect
321 2525 442 2586 tatione
465 2523 622 2587 Herodoti
647 2524 876 2607 quaerentibus
899 2543 966 2586 non
989 2523 1145 2602 inferunt3
1120 2523 1266 2605 tquod
1298 2543 1355 2605 per

181 2616 280 2675 totam
304 2613 386 2675 hanc
410 2619 523 2696 quaest
524 2615 631 2677 ionem
658 2615 813 2677 memoria
836 2619 945 2675 teneas
975 2632 1061 2720 rqgo
1107 2612 1181 2675 Non
1205 2613 1261 2675 alit
1248 2617 1298 2675 ter
1321 2631 1355 2674 so

182 2701 300 2765 habere
323 2721 401 2782 rem,
425 2721 499 2764 cum
519 2704 702 2765 excitentur
720 2699 750 2762 οἱ
768 2695 870 2787 auriag
895 2697 1055 2786 οικημὲιιι
1073 2699 1175 2764 velot
1194 2696 1355 2785 οἰκήτορες

183 2810 241 2853 suo
277 2790 348 2853 loco
389 2791 487 2853 adnot
488 2791 623 2855 abimus.
689 2790 791 2854 Plane
836 2790 994 2854 aliudt
965 2795 1026 2854 stt
995 2791 1171 2854 atuendum
1210 2795 1258 2853 est
1245 2789 1354 2853 tubi

181 2874 307 2958 «ἔλεγον
336 2877 370 2940 ,οἱ
398 2873 582 2967 iniquiorum>
613 2881 738 2943 invenit
739 2900 785 2944 ur.
839 2880 910 2942 Hoc
939 2880 1162 2963 imperfectum
1185 2878 1355 2962 prohibere

182 2967 294 3031 debuit
321 2968 533 3050 Hansenium
563 2970 736 3051 quominus
767 2988 833 3032 non
865 2975 1049 3052 penetrasse
1080 2967 1283 3031 Herodotum
1314 2967 1355 3030 ad

180 3056 414 3140 Exampaeum
436 3059 495 3120 ιιιι
518 3058 624 3121 ullum
646 3059 767 3121 vidisse
791 3058 944 3138 Scytham
964 3058 1179 3122 contenderet.
1225 3057 1355 3120 Etenim

181 3148 209 3209 si
238 3148 364 3230 putavit
391 3147 534 3228 fortasse,
564 3147 748 3230 exemplum
779 3147 841 3210 sibi
869 3148 1022 3230 obtigisse
1052 3148 1121 3210 eius
1144 3167 1233 3227 usus,
1258 3164 1354 3229 quem

181 3234 383 3319 Krogerusr)
416 3238 462 3299 sic
495 3238 737 3320 interpretatur:
766 3235 836 3298 «Im
863 3236 1076 3299 historischen
1109 3235 1267 3318 Vortrage
1299 3234 1354 3297 be-

181 3326 295 3388 ziehen
320 3325 388 3387 sich
411 3324 602 3408 Imperfecte
625 3327 687 3388 wie
711 3321 842 3404 ἔφασαν,
872 3320 980 3403 ἔλεγον
1003 3326 1159 3388 zuweilen
1184 3324 1274 3387 nicht
1297 3323 1356 3386 auf

181 3414 233 3476 die
258 3414 461 3497 dargestellte
486 3413 563 3495 deit,
587 3414 727 3476 sondern
756 3413 814 3476 auf
835 3414 886 3477 die
909 3434 959 3476 wo
978 3412 1257 3476 Berichterstatter
1281 3412 1355 3475 dem

181 3501 338 3565 Erzahler
361 3503 413 3566 die
436 3502 650 3586 beziiglichen
668 3502 885 3566 Nachriohten
904 3502 1126 3577 mittheilten»,
1149 3501 1356 3564 vehementer

183 3593 310 3656 erravit.
368 3590 473 3667 Quem
496 3612 591 3654 usum
617 3591 656 3654 ab
680 3592 834 3655 hocloco
859 3593 1000 3656 alienum
1024 3609 1094 3654 esse
1117 3591 1193 3653 inde
1216 3595 1355 3673 apparet,

183 3680 271 3762 quod
295 3680 420 3743 incolae
440 3682 511 3743 eius
535 3682 645 3764 ipsius,
671 3681 710 3744 de
731 3702 795 3763 qua
814 3683 929 3765 agitur,
952 3681 1094 3763 regionis
1117 3685 1213 3742 testes
1238 3679 1355 3741 diserte

179 3769 363 3834 laudantur.
409 3770 464 3832 An
488 3770 650 3833 dicturum
675 3770 775 3833 fuisse
799 3771 903 3833 credis
926 3769 1144 3833 Herodotum:
1169 3787 1252 3851 «quo
1276 3771 1355 3830 tern-

179 3877 256 3941 pore
280 3859 335 3921 alii
358 3877 410 3921 me
434 3858 473 3922 de
497 3864 619 3922 cratere
641 3859 696 3921 illo
721 3862 889 3922 certiorem
906 3857 1075 3937 faciebant,
1092 3859 1217 3920 incolae
1236 3857 1354 3919 Exam-

178 3949 252 4030 paei
286 3948 461 4011 narrabant
483 3947 606 4011 bacca?
641 3947 693 4010 Sic
717 3948 860 4011 scribens
883 3947 1035 4011 brevitati
1057 3948 1160 4029 magis
1185 3966 1282 4029 quarn
1304 3947 1355 4008 in-

177 4127 354 4136 --..,-..,-

272 4213 278 4240 ι
354 4229 360 4244 ‚
438 4230 440 4235 ι
480 4213 493 4250 ι
537 4231 542 4241 .

268 4213 290 4353 ιι
308 4212 551 4351 ιιιιὸιιιιιιιιιιιιι
567 4216 632 4351 popa,
647 4213 706 4350 thob,
726 4284 741 4350 ξ
762 4289 804 4351 53,
824 4287 839 4336 2
859 4284 918 4336 adn.
938 4289 963 4336 3.
