3022 4890
643 338 860 400 -66,

164 517 259 601 plane
290 516 440 579 inutilem
471 517 555 579 male
586 512 751 580 intellecto
782 520 875 579 textu
912 520 1046 597 crearet,
1076 517 1128 578 oui
1160 515 1341 581 difficultati

167 606 300 669 alteram
318 606 445 684 adiecit,
469 603 672 669 Herodotum
695 605 745 668 bis
767 607 803 667 in
821 605 1009 689 Aegyptum
1031 606 1159 669 venisse
1182 607 1340 690 opinatus

166 695 260 771 Quod
283 695 420 758 minime
444 696 664 759 necessarium
689 713 758 758 esse
783 696 1081 759 demonstravimus.
1127 693 1218 759 Latet
1239 697 1342 780 igitur

156 784 254 871 ,unde
276 785 435 868 inceperit
461 785 525 848 iter
548 804 645 857 suum
667 782 863 862 Herodotus
888 785 944 848 sed
967 785 1109 868 primum
1126 786 1161 847 in
1180 785 1341 870 Aegypto,

168 874 284 938 deinde
306 873 452 954 Tyrifuit.

255 965 283 1044 ξ.
310 965 359 1026 18.
406 962 476 1038 Quo
496 982 538 1027 ex
561 964 631 1027 loco
660 963 802 1027 reditum
835 965 1020 1045 instituerit,
1048 969 1252 1047 perspectum
1272 983 1340 1028 non

165 1052 336 1134 habemus3
367 1054 422 1135 eie,
451 1054 508 1136 qui
536 1057 573 1116 ut
595 1052 740 1135 Heysius
754 1051 787 1136 1),
816 1052 1004 1135 Starlriusli,
1028 1051 1205 1137 Steiniusss)
1232 1053 1342 1118 reditu
1365 1128 1371 1135 .

165 1143 332 1206 vindicant
362 1163 460 1225 quam
496 1162 555 1206 nos
592 1143 745 1206 adventui
775 1144 880 1225 viam,
914 1142 1178 1207 antecedentibus
1211 1147 1260 1207 sat
1291 1163 1341 1208 re-

170 1251 327 1316 sponsum
351 1237 406 1298 est.

629 1706 878 1788 Summarium.

418 1869 442 1934 I.
477 1869 583 1932 Visit
604 1867 832 1933 Herodotus
855 1869 897 1931 in
919 1867 1094 1951 Europa:

257 2010 442 2094 Scythiae
464 2012 696 2096 Exampaeum.

255 2101 446 2166 Thraciae
469 2101 677 2183 Byzantium.

256 2191 368 2276 Epiri
391 2190 568 2256 Dodonam.

258 2280 449 2346 Graeciae
473 2301 588 2365 agrum
605 2280 821 2364 Trachinium,
839 2280 1068 2366 Thermopylas
1087 2286 1119 2345 et
1136 2282 1208 2344 loca
1225 2281 1342 2363 vicina,

166 2370 321 2454 Delphos,
350 2370 489 2453 Thebas,
518 2391 631 2456 agrum
654 2371 892 2454 Plataeensem,
915 2372 1074 2454 Athenae,
1098 2369 1244 2455 Spartam
1267 2389 1343 2434 oum

166 2459 356 2543 Therapnis,
385 2460 535 2544 Tegeam,
566 2460 745 2544 Nonacrin,
779 2461 974 2546 Olympiam3
1012 2462 1137 2524 insulas
1170 2458 1343 2542 Salamina,

166 2547 301 2631 Delum,
326 2548 567 2633 Samothracen,
590 2549 745 2633 Thasum,
769 2551 984 2633 Zacynthum,
1015 2551 1106 2617 adice
1129 2550 1340 2614 Artemisium

167 2637 326 2704 Euboeae.

255 2728 305 2793 Ne
324 2730 483 2792 morosior
501 2729 623 2812 videar,
646 2732 868 2814 concesserim,
892 2731 931 2794 de
949 2729 1081 2812 Madyto
1101 2734 1132 2794 et
1150 2728 1232 2792 Parc
1256 2728 1342 2792 idem

167 2837 268 2901 paene
292 2824 445 2885 constare.

256 2908 454 2974 Itinerum
472 2910 552 2973 haec
571 2914 657 2973 certa
677 2915 766 2973 sunt:
790 2909 932 2973 Pontum
952 2930 970 2972 a
988 2909 1132 2993 Bosporo
1152 2908 1193 2972 ad
1212 2906 1343 2990 Phasin,

169 3017 188 3059 a
208 2996 316 3085 Sindis
340 2999 380 3077 ad
398 2998 645 3080 Themiscyram,
669 3004 832 3083 praeterea
854 2999 1101 3083 Hellespontum
1125 3003 1156 3062 et
1174 2996 1344 3080 Proponti-

169 3087 242 3149 dem
259 3089 368 3170 ipsum
386 3108 420 3152 se
440 3108 607 3153 emensum
626 3089 712 3172 dicit,
736 3108 796 3152 neo
816 3088 927 3152 dubito
952 3089 1031 3171 quin
1050 3089 1188 3152 Athenis
1206 3085 1343 3150 Thurios

87 3189 88 3192 ’
167 3178 300 3242 venerit.

548 3320 589 3384 ΙΙ.
625 3321 731 3385 Visit
752 3323 793 3384 in
816 3321 963 3384 Africa:

256 3461 408 3544 Libyae
433 3463 589 3545 Cyrenen.

257 3552 438 3637 Aegypti
465 3552 645 3635 Pelusium,
675 3554 848 3637 Bubastin,
879 3554 1002 3617 Butum
1024 3554 1164 3617 Arabiae
1191 3553 1342 3636 vicinam,

167 3642 349 3725 Memphin,
383 3644 582 3726 pyramides,
616 3644 814 3727 Heliopolin,
855 3642 1133 3726 Crocodilonpolin
1166 3663 1240 3706 cum
1268 3642 1343 3706 lacu

166 3731 306 3813 Myridis
331 3736 361 3796 et
379 3732 572 3815 labyrintho,
598 3732 765 3797 Ohemmin
789 3738 820 3798 et
837 3734 1004 3817 Neapolin,
1026 3732 1160 3815 Thebae,
1182 3731 1342 3814 Elephan·

167 3823 267 3903 tinen,
293 3820 378 3901 Sain,
402 3821 526 3887 Butum
548 3822 689 3887 Latonae
712 3824 836 3906 urbem,
859 3823 1002 3904 Busirin,
1025 3822 1207 3907 Papremin.

256 3910 309 3976 De
338 3913 562 3977 itineribus
593 3914 697 3977 edocti
725 3933 838 3977 sumus
874 3913 939 3976 his:
983 3911 1082 3976 Venit
1116 3912 1224 3976 nescio
1253 3912 1342 3975 unde

170 4001 328 4084 Cyrenen,
351 4004 536 4086 peragravit
558 4003 784 4085 Palaestinam,
808 4003 963 4066 Arabiam
987 4007 1164 4085 petraeam,
1187 4004 1224 4064 ut
1246 4000 1343 4064 Pelu-

168 4093 253 4155 sium
276 4092 515 4175 adsequeretur,
538 4093 573 4155 in
595 4093 744 4177 Aegypto
769 4093 810 4156 ad
833 4092 1071 4176 Elephantinen
1095 4091 1242 4155 excessit.

259 4315 269 4344 1
344 4334 350 4350 ,

258 4316 684 4459 2ζ1611191191γῖ11111111111111111
704 4387 791 4442 Kiisto
811 4404 835 4458 p.
857 4390 916 4443 235.
1026 4386 1047 4455 ³)
1066 4385 1084 4440 l.
1104 4403 1127 4439 c.
1146 4403 1177 4455 p.¹
1192 4383 1296 4440 XVIII.
