3022 4890
619 269 860 355 .“”2“

178 464 256 526 esse,
280 450 311 508 et
335 464 381 526 ea,
416 464 498 527 quae
528 466 585 528 pro
611 445 836 508 demonstratis
865 444 983 507 habere
1011 445 1114 524 liceat,
1139 444 1349 524 obliviscitur,

77 597 82 607 ,
179 539 336 618 quantum
347 535 482 614 intersit,
501 533 703 597 Herodotum
713 533 804 597 verbi
821 551 919 596 causa
930 532 1074 596 Corinthi
1085 533 1224 596 adfuisse
1238 539 1349 596 utrum

177 622 422 706 comprobemus
446 643 488 685 an
503 624 680 705 opinemur.
728 621 816 697 Quae
836 623 923 685 enirn
941 622 1192 705 probaverimus,
1212 623 1258 684 eis
1278 626 1348 684 tan-

178 732 275 794 quam
294 712 477 774 firmissimo
497 712 563 774 solo
583 712 680 773 inniti
700 711 843 793 qualibet
861 712 896 772 in
916 712 1104 793 quaestione
1123 710 1171 773 fas
1187 713 1254 792 erit,
1275 731 1350 773 curn

178 819 259 885 quae
282 801 335 863 vel
358 821 485 864 summa
515 800 676 863 arrideant
707 799 945 882 probabilitate,
976 801 1128 882 quoniam
1154 800 1349 867 adsensum

176 889 331 953 recedunt
354 896 385 952 et
403 890 560 952 iudicium
583 891 619 951 in
638 889 776 972 singulis
794 889 980 951 hominibus
1000 889 1172 970 diversum,
1197 889 1268 952 aliis
1288 889 1351 952 alia

176 979 367 1062 plerumque
397 979 576 1041 videantur.
623 978 759 1041 Accedit
783 978 869 1060 quod
894 977 1038 1058 Heysius
1072 978 1228 1040 sermonis
1247 978 1350 1042 Hero-

177 1068 262 1130 dotei
295 1069 578 1149 consuetudinem,
612 1088 675 1150 qua
707 1068 742 1129 in
775 1066 975 1130 observanda
1008 1066 1172 1130 cardinem
1204 1069 1252 1130 rei
1284 1087 1350 1130 nou

177 1157 276 1220 semel
314 1158 397 1233 11111
434 1157 627 1239 procedente
665 1157 934 1219 commentatione
972 1155 1154 1238 apparebit,
1193 1157 1350 1239 attingere

175 1246 279 1328 magis
319 1244 425 1308 oblata
463 1247 644 1326 occasione,
682 1265 779 1327 quam
818 1245 891 1308 data
925 1263 1022 1328 opera
1054 1245 1206 1327 expedire
1240 1246 1350 1308 voluit.

175 1334 289 1416 Itaque
309 1353 384 1397 cum
403 1353 444 1397 ne
463 1335 560 1397 huius
580 1334 711 1417 quidem
731 1335 969 1397 commentariis
980 1335 1057 1396 satis
1076 1338 1111 1395 t
1113 1339 1145 1396 to
1165 1335 1214 1396 uti
1232 1335 1350 1416 liceret,

175 1421 243 1486 Mat
230 1424 377 1486 tnatius
370 1443 405 1485 m
430 1423 513 1486 alius
536 1424 720 1506 argumenti
744 1424 917 1505 scriptione
927 1424 1097 1503 11111111
1120 1422 1159 1485 ab
1183 1422 1348 1486 Herodoto

175 1514 211 1574 in
234 1513 315 1575 Asia
337 1512 422 1575 facta
441 1512 547 1575 det
498 1533 533 1574 111
534 1517 624 1663 tegre
643 1511 840 1594 perscribere
859 1531 989 1575 necesse
1007 1511 1128 1576 habuit.
1108 1511 1229 1588 thui
1249 1533 1351 1596 quan—

177 1621 274 1684 quam
305 1606 336 1664 et
323 1601 491 1665 tsubtilit
478 1606 573 1664 tere
575 1602 743 1683 tcopiose
773 1620 907 1663 munere
931 1621 989 1664 suo
1013 1601 1145 1664 functus
1170 1608 1282 1664 est—
1306 1604 1351 1664 iat

177 1691 317 1773 quidem,
349 1692 454 1753 utin
476 1691 567 1753 mult'
546 1695 587 1753 trs
616 1689 797 1752 adsentient
785 1694 849 1752 tem
878 1709 929 1751 me
958 1689 1073 1753 habeat
1061 1697 1349 1773 tnonnunquam

174 1780 296 1843 iudicio
314 1779 424 1863 lapsus
444 1798 513 1842 esse
531 1779 639 1842 videat
627 1783 688 1860 utr,
707 1779 741 1841 id
763 1779 849 1861 quod
867 1778 951 1841 infra
969 1779 1022 1841 hic
1039 1779 1106 1841 illio
1116 1780 1296 1862 palamt
1240 1778 1296 1842 fiet
1305 1816 1347 1824 -

174 1870 211 1932 in
235 1871 424 1932 universum
447 1868 626 1952 probabilia
645 1870 742 1931 nimis
767 1872 945 1951 aucupatus
964 1874 1019 1931 est.
1066 1867 1222 1951 Neglecta
1241 1873 1348 1930 autem

177 1959 301 2022 debitae
325 1959 485 2021 cautionis
509 1959 677 2020 severitate
701 1958 813 2037 effecit,
836 1962 873 2020 ut
896 1957 979 2019 nihil
1001 1957 1068 2019 fere
1092 1976 1134 2020 ex
1156 1957 1214 2019 illa
1233 1957 1348 2020 disser-

177 2049 305 2128 tatione,
329 2048 392 2109 nisi
418 2045 505 2128 quod
529 2045 635 2108 denuo
659 2047 728 2129 ipse
751 2046 990 2129 perquisiveris,
1018 2065 1076 2128 pro
1101 2051 1187 2109 certo
1212 2065 1248 2108 ac
1271 2065 1347 2109 vero

176 2137 320 2219 accipere
346 2136 449 2198 liceat.
507 2133 588 2197 Cum
618 2139 725 2198 tamen
756 2139 846 2197 tanta
872 2135 970 2197 fuerit
1001 2134 1145 2198 Matzatii
1173 2135 1348 2218 diligentia,

175 2230 213 2288 ut
234 2226 368 2288 materia
391 2224 537 2306 undique
562 2225 743 2306 conquisita
767 2228 904 2306 apteque
923 2223 1077 2307 disposita
1095 2224 1280 2286 facultatem
1303 2225 1348 2287 le-

175 2314 326 2397 gentibus
353 2318 479 2396 pararet
508 2318 594 2375 certa
624 2312 663 2376 ab
692 2314 823 2375 incertis
847 2317 960 2395 suopte
983 2313 1104 2376 iudicio
1129 2313 1348 2396 dignoscendi,

175 2404 211 2465 in
230 2422 307 2466 cura
330 2404 399 2465 eius
423 2402 627 2485 acquiescere
645 2402 776 2464 interim
799 2398 912 2484 placet
947 2400 1039 2465 idem
1060 2404 1214 2485 quoniam
1234 2404 1348 2465 ceteris

175 2496 333 2554 terrarum
364 2490 511 2574 partibus
542 2509 610 2554 non
636 2491 771 2570 vacavit,
802 2491 990 2573 tempestive
1018 2511 1070 2554 me
1101 2491 1189 2554 hisce
1212 2491 1348 2574 pagellis

176 2580 421 2643 enucleaturum
451 2580 587 2662 speravi,
621 2597 702 2661 quae
731 2584 762 2642 et
789 2578 937 2662 Europae
971 2584 1002 2642 11
1025 2580 1155 2643 Africae
1185 2580 1257 2643 loca
1280 2581 1348 2663 ipse

174 2670 321 2732 inviserit
352 2668 545 2733 Herodotus.
591 2667 660 2751 Ego
684 2673 793 2731 autem
815 2687 856 2730 ne
880 2668 967 2730 idem
991 2669 1077 2750 quod
1100 2669 1244 2749 Heysius
1268 2668 1348 2732 Mat-

174 2759 343 2841 zatiusque
357 2757 512 2841 probrum
525 2776 658 2838 merear,
677 2758 790 2840 procul
804 2758 944 2837 remotis
964 2757 1123 2840 quidquid
1134 2759 1229 2820 certis
1241 2760 1348 2821 causis

175 2852 206 2910 11
234 2848 352 2930 quibus
380 2846 509 2910 eredere
540 2845 656 2909 debeas
684 2865 750 2909 non
778 2845 965 2927 subnixum,
994 2848 1026 2907 in
1052 2865 1140 2909 mera
1164 2848 1348 2910 coniectura

173 2937 315 3019 positum
343 2940 400 3016 est,
428 2955 540 2999 eorum
566 2940 693 2998 tantum
723 2936 880 2998 rationem
904 2939 1087 2998 constanter
1110 2934 1244 3017 habebo,
1269 2956 1348 3018 quo-

173 3045 248 3087 rum
277 3026 316 3088 de
346 3024 410 3087 fide
442 3043 484 3087 ne
511 3026 702 3087 tenuissima
730 3023 861 3106 quidem
891 3023 1048 3087 dubitatio
1072 3024 1218 3087 resideat.
1266 3024 1347 3087 Mihi

175 3115 278 3177 omnis
310 3115 345 3175 in
378 3118 463 3176 certo
497 3133 588 3193 cura,
621 3113 704 3175 hano
736 3115 840 3196 legem
868 3113 962 3177 uobis
991 3115 1172 3194 1111111111,
1200 3118 1237 3176 ut
1261 3120 1348 3177 certa

175 3201 214 3265 ab
237 3202 378 3283 incertis,
403 3202 509 3285 quoad
529 3204 598 3265 eius
621 3201 692 3264 fieri
714 3203 840 3285 pottetrit,
867 3203 1111 3286 distinguamus

265 3379 285 3448 ²)
304 3377 406 3431 Mati
351 3380 413 3445 tt,za
439 3377 506 3431 iiber
533 3377 576 3430 die
596 3376 848 3447 Glauhwiirdigkeit
836 3378 921 3431 tder
944 3394 1033 3448 geogr.
1057 3379 1189 3449 Angaben
1212 3379 1348 3434 Herodoto

173 3450 240 3503 iiber
257 3450 350 3517 Asien,
369 3449 461 3502 Herm.
481 3448 529 3510 VI
548 3466 573 3517 p.
593 3453 645 3503 392
665 3465 732 3517 sqq.
