3022 4890
632 275 852 336 ..39-

247 450 388 514 Proinde
411 452 577 514 mittamus
600 451 837 533 'lheognostum
862 456 893 514 et
908 452 1002 514 illum
1027 452 1158 534 quidem
1177 453 1247 514 sine
1270 452 1337 515 ulla

158 542 373 622 cunctatione,
396 545 506 623 utpote
530 542 624 603 cuius
644 541 765 603 auxilio
785 540 872 603 haud
896 560 990 623 aegre
1015 542 1289 623 supersedeamus,

247 628 391 692 Pravum
414 630 450 692 in
472 629 595 692 fontem
617 630 768 692 inciderit
790 631 1019 712 grammaticus
1048 630 1134 693 docti
1156 629 1337 693 Herodiani

158 721 324 800 ceteroqui
342 719 540 802 pedisequus
564 739 606 781 611
626 738 766 782 errorem
784 720 853 801 ipse
872 720 980 802 potius
999 720 1195 782 commiserit
1219 739 1261 781 an
1278 738 1337 781 no-

91 800 94 807 ’
157 808 327 870 monaldus
343 809 507 890 scriptoris
522 808 647 871 librarii
658 808 753 891 culpa
768 809 802 869 in
811 807 1013 871 Herodotum
1028 808 1151 889 abierit,
1169 812 1207 870 ut
1218 809 1336 890 cuique

157 897 286 959 libitum
317 896 520 961 diiudicetur.
573 896 729 977 Crameri,
759 899 815 979 qui
842 896 1003 960 Herodori
1032 916 1151 959 nomen
1181 916 1337 980 reponere

157 986 242 1066 vult,
286 987 506 1048 coniecturam
549 1006 705 1068 perquam
743 988 900 1048 incertam
938 1005 1023 1066 esse,
1062 992 1148 1049 16616
1193 984 1337 1048 Steinius

159 1075 316 1158 exposuit.
362 1073 429 1137 Nos
468 1076 724 1155 considerantes,
763 1095 860 1157 quam
896 1095 990 1158 saepe
1026 1076 1112 1158 apud
1149 1076 1337 1138 recentioris

158 1164 228 1226 aevi
249 1165 420 1246 scriptores
430 1162 596 1245 Herodoti,
615 1163 784 1245 Herodori,
802 1163 982 1226 Herodiani
1000 1165 1141 1227 invicem
1160 1183 1194 1227 66
1205 1165 1337 1226 nomina

158 1254 355 1316 extruserint
364 1254 402 1332 1),
431 1252 491 1314 hac
520 1272 560 1316 ex
587 1257 677 1336 parte
697 1252 842 1316 laborare
861 1254 1063 1336 grammatici
1087 1272 1244 1316 canonem
1269 1272 1336 1315 non

158 1346 270 1404 contra
293 1341 553 1425 probabilitatem
586 1342 831 1424 suspicabimur.
874 1341 928 1405 Sic
951 1342 1133 1425 Stephanus
1156 1342 1336 1420 Byzantius

158 1451 180 1495 s.
208 1451 236 1492 v.
266 1424 466 1513 Ἀλοῖβοστρα
503 1430 619 1494 urbem
652 1433 744 1513 quasi
780 1437 1059 1494 commemoratam
1097 1432 1135 1494 ab
1172 1431 1336 1494 Herodoto

158 1519 273 1600 adfert,
308 1539 391 1601 quae
419 1540 583 1602 nusquam
612 1525 887 1601 commemoratur,
921 1524 952 1583 et
978 1522 1048 1603 lpse
1079 1540 1209 1603 quoque
1233 1520 1337 1583 Η616-

157 1607 305 1690 1116111162)
344 1610 499 1671 memoria
521 1608 622 1672 falsus
649 1608 740 1671 Xoin
766 1609 880 1672 urbem
915 1613 1070 1692 tanquam
1101 1629 1143 1672 ex
1171 1609 1336 1673 Herodoto

157 1699 241 1759 6111.
1406 1702 1409 1707 ’

245 1786 330 1869 Ergo
357 1787 542 1850 lectionem:
560 1814 624 1852 «...
651 1783 741 1868 παρὰ
761 1782 919 1866 ποταμόν,
944 1781 978 1858 ὃς
994 1782 1029 1848 ἐκ
1053 1781 1224 1866 Λάκμονος
1248 1782 1337 1869 ὄρεος

155 1867 220 1958 ῥέει
239 1871 291 1938 διὰ
315 1878 370 1945 aris
389 1868 604 1960 Ἀπολλωνίης
627 1871 659 1945 ἐς
681 1869 848 1937 θάλασσαν
870 1869 951 1960 παρ’
973 1872 1096 1959 Ὤρικον
1118 1875 1231 1956 λιμένα
1254 1874 1338 1941 κτλ.»

155 1968 278 2027 tutatus
297 1964 464 2045 Heysiana
488 1967 527 2028 de
546 1967 697 2049 opiuione
716 1967 780 2027 iarn
806 1967 875 2028 dixi
898 1967 1064 2030 iudicium.
1111 1965 1195 2029 Nam
1219 1967 1246 2028 si
1270 1971 1336 2028 tam

154 2074 254 2136 parva
278 2058 326 2117 est
349 2060 380 2117 et
397 2074 512 2118 manca
531 2055 694 2137 scriptoris
718 2056 842 2127 notitia,
866 2060 966 2118 utne
989 2057 1180 2139 primarium
1205 2055 1337 2137 quidem

155 2144 224 2206 eius
249 2147 352 2207 terrae
387 2163 514 2207 amnem
543 2143 582 2206 ab
617 2142 740 2206 Oricini
780 2145 848 2227 agri
872 2144 986 2207 rivulis
1015 2146 1227 2225 internoscat,
1260 2144 1336 2206 hinc

156 2234 385 2315 spectationem
410 2237 550 2296 statuere
573 2234 706 2295 minime
730 2233 815 2297 licet.

636 2521 737 2593 CAP.
766 2521 851 2594 VII.

245 2802 263 2882 ξ
290 2804 316 2863 1.
363 2801 450 2864 Visit
472 2801 657 2866 Herodotus
685 2804 825 2866 Thasum
856 2803 907 2883 (II.
932 2823 957 2868 c.
982 2806 1034 2864 ll.
1058 2802 1114 2868 Vl.
1140 2823 1165 2867 o.
1190 2801 1337 2886 17166-

155 2891 341 2954 mothracen
366 2890 421 2974 (II.
446 2911 471 2955 c.
504 2894 570 2972 51),
600 2891 719 2955 Delum
743 2892 797 2976 (Π.
822 2912 847 2956 c.
874 2893 945 2957 170.
970 2892 1025 2955 IV.
1059 2911 1083 2955 6.
1114 2894 1155 2955 33
1185 2912 1253 2974 sqq.
1278 2892 1335 2957 VI.

156 3000 180 3044 c.
202 2979 266 3062 98),
290 2979 493 3060 Zacynthum
512 2981 581 3064 (IV.
602 3002 626 3044 6.
649 2981 733 3064 195).
771 2981 923 3044 Euboeae
941 2981 1153 3044 Artemisium
1178 2985 1209 3044 et
1226 2982 1336 3044 vicina

156 3089 228 3132 cum
247 3068 374 3132 Sciatho
394 3070 501 3133 insula
519 3069 593 3135 VII.
614 3090 658 3135 cc.
681 3074 855 3134 175-177
880 3070 958 3133 alibi
976 3072 1021 3132 ita
1039 3070 1199 3151 describit,
1222 3076 1259 3133 ut
1279 3072 1336 3153 qui

156 3163 297 3241 spectata
314 3159 430 3222 litteris
449 3160 590 3223 mandat.
620 3161 705 3223 Aliis
723 3161 803 3223 locis
814 3163 973 3242 quotquot
982 3158 1133 3222 Euboeae
1153 3164 1209 3222 aut
1220 3160 1336 3243 oppida

157 3251 212 3309 ant
235 3249 383 3330 regiones
408 3249 678 3333 commemorati),
703 3242 867 3334 αὕτοψίον
889 3248 971 3310 nihil
997 3250 1123 3313 evincit.

247 3337 319 3417 §Z
352 3335 401 3400 De
442 3337 604 3401 Salamine
645 3358 747 3421 aeque
781 3359 818 3401 66
848 3338 888 3400 de
921 3337 1096 3401 Artemisio
1129 3336 1337 3420 Plataeisque

157 3427 323 3489 convenit:
353 3445 419 3488 non
443 3428 548 3509 potuit
571 3446 720 3491 enarrare
743 3447 887 3511 pugnam
911 3432 948 3488 ut
971 3428 1139 3508 enarrat4),
1163 3428 1227 3490 nisi
1250 3428 1336 3489 loco-

156 3534 239 3597 rum,
262 3515 291 3576 h.
316 3534 342 3577 e.
367 3535 441 3577 cum
464 3515 546 3596 freti,
572 3518 658 3598 quod
682 3517 824 3579 Atticam
850 3520 881 3579 et
905 3514 1100 3578 Salaminem
1122 3516 1263 3578 insulam
1285 3517 1336 3577 in-

155 3605 274 3684 terluit,
298 3608 368 3666 tum
395 3606 543 3668 littorum
574 3610 723 3668 naturam
753 3605 855 3669 oeulis
884 3605 1127 3668 observavisset.
1180 3603 1337 3667 Memorat

156 3698 321 3775 praeterea
351 3691 558 3775 Psyttaleam,
593 3694 701 3776 Oeum,
727 3694 928 3775 Cynosuram
951 3693 1042 3759 VIII.
1067 3713 1110 3756 66.
1144 3696 1184 3756 76
1213 3713 1258 3775 sq.
1284 3695 1335 3759 95.

247 3869 267 3938 ¹)
287 3871 319 3923 cf.
339 3870 462 3951 Iudicem
482 3871 516 3924 ad
536 3870 626 3952 Steph.
646 3871 761 3939 Byzant.
782 3871 815 3924 ed
828 3870 951 3952 1116111616
971 3885 991 3923 s
1006 3887 1051 3923 vv.
1065 3869 1229 3935 Herodotus,
1247 3868 1335 3922 Hero-

155 3942 246 4007 dorus
265 3940 445 3995 Herodianus.
466 3973 498 3982 -
519 3940 636 4009 thsehl,
656 3943 689 3995 de
703 3941 755 3996 Oro
775 3944 803 3995 et
811 3942 917 4010 Orione,
938 3957 1029 4010 opusc.
1049 3941 1070 3994 Ι,
1089 3959 1114 4009 p.
1135 3945 1196 3995 647.
1209 3941 1302 4007 Lenta,
1316 3940 1334 3993 l.

156 4029 178 4064 Ο.
199 4012 220 4065 ΙΙ
240 4029 266 4151 Id)
284 4011 321 4135 ᾗ
339 4101 365 4151 p.
385 4088 428 4151 91,
450 4088 482 4137 12
501 4085 735 4154 apudLentzium.

245 4153 267 4223 ³)
287 4155 319 4207 cf.
344 4154 366 4208 I.
384 4159 426 4208 61.
446 4156 493 4210 IV.
513 4172 560 4260 Γ66.
580 4161 622 4211 33.
649 4161 707 4212 101.
732 4157 779 4210 Vl.
800 4173 838 4210 co.
861 4159 918 4210 101.
942 4159 999 4209 108.
1019 4155 1095 4208 Vlll.
1119 4172 1157 4209 ce.
1183 4159 1207 4209 7.
1230 4159 1269 4209 13.
1291 4158 1334 4208 23.

155 4225 217 4278 Ἥ
239 4241 268 4367 04’)
284 4225 458 4366 llidhdg
476 4230 551 4351 ldl'r.
572 4314 610 4353 66.
631 4304 673 4353 ro.
693 4304 735 4354 66.
