3022 4890
644 277 863 338 „35-

162 461 291 520 textum
314 453 535 516 Herodoteum
558 454 723 516 immutari
745 452 844 534 iubet,
876 457 913 515 ut
941 453 1035 515 lectio
1067 452 1225 515 efficiatur
1248 455 1340 518 haec:
1432 472 1434 475 ’

163 540 274 626 »παρὰ
292 546 391 607 Χῶνα
411 537 561 621 ποταμὸν
580 535 612 612 ὃς
632 537 666 603 ἐκ
680 537 853 621 Λάκμονος
872 536 982 624 οὔρεος
1001 545 1064 626 ῥέει
1078 537 1131 602 διὰ
1145 545 1202 626 τῆς
1214 547 1342 628 Χωνίης

163 627 265 716 χώρης
289 627 320 702 ἐς
337 627 461 714 Ὤρικον
478 630 622 710 λιμένα.»
666 634 798 695 Χωνίον
821 631 956 694 eandem
980 649 1048 694 esse
1068 650 1105 693 ac
1125 650 1207 713 quac
1227 635 1341 696 ceteris

163 725 290 786 Χοονία
310 720 468 801 audiebat,
491 739 586 783 nemo
604 719 726 784 infitias
744 719 817 799 ibit3
843 739 945 802 aeque
963 721 1139 802 largiamur
1158 727 1189 783 et
1208 719 1342 785 Oricum

162 811 206 873 ad
238 809 412 873 Chaoniam
442 811 636 893 pertinuisse
666 815 697 873 ct
722 807 896 871 Chaoniam
926 808 1123 891 quibusdam
1154 815 1238 873 certe
1261 815 1342 874 tem-

164 900 297 982 poribus
331 899 431 962 luisse
467 900 503 960 in
536 899 657 962 ditione
692 898 982 981 Apolloniatarum.
1038 897 1087 960 Ne
1117 898 1179 961 hoc
1209 901 1341 982 quidem

164 1008 256 1072 nege,
281 1007 355 1051 eum
380 1008 449 1051 csse
468 989 671 1051 coniecturae
691 987 903 1071 splendorem,
928 1007 991 1069 quo
1015 987 1108 1050 facile
1128 989 1214 1050 oculi
1233 991 1342 1052 cuius·
1454 977 1456 982 ’

164 1080 250 1160 piam
274 1079 466 1161 praestringi
496 1079 633 1161 possint3
668 1096 774 1158 neque
801 1082 910 1139 tamen
940 1096 1043 1159 pauca
1072 1082 1183 1139 contra
1206 1080 1341 1143 suadere

165 1167 325 1230 videntur.

256 1255 414 1319 Concesso
431 1254 591 1319 Steinium
609 1257 680 1318 iure
699 1275 795 1318 usum
815 1275 834 1317 a
852 1255 1061 1337 grammatico
1081 1256 1242 1320 auxilium
1260 1260 1342 1341 peti·

113 1350 115 1354 “
164 1346 249 1408 visse
269 1345 449 1426 adsentior3
474 1345 529 1407 sed
548 1345 646 1408 fidem
665 1345 755 1407 testis
771 1345 822 1406 sui
840 1344 893 1406 vel
911 1345 1028 1427 potius,
1048 1364 1122 1407 cum
1142 1348 1211 1410 eius
1229 1349 1324 1410 aetati

163 1436 365 1517 grammatici
393 1436 428 1496 in
455 1434 667 1517 compilandis
692 1434 913 1514 antiquiorum
936 1434 1064 1496 scriniis
1089 1435 1149 1496 toti
1175 1455 1341 1500 versaren-

164 1530 226 1603 tur,
249 1523 371 1585 fontem
393 1522 586 1607 Theognosti
609 1524 855 1605 circumspicere
880 1521 1023 1586 debebat.
1070 1522 1198 1587 Scimus
1216 1524 1342 1588 Lentzii

57 1641 58 1644 ¹
164 1612 281 1675 studiis
294 1610 328 1695 1),
346 1611 584 1695 Theognostum
605 1613 804 1694 excerpsisse
820 1610 998 1674 Herodiani
1018 1613 1219 1694 «prosodiam
1234 1616 1342 1677 catho-

164 1701 293 1780 licam»3
315 1703 368 1764 cui
386 1703 487 1784 igitur
506 1701 740 1764 dubitationem
759 1719 825 1762 non
843 1700 994 1781 movebit,
1014 1702 1100 1784 apud
1117 1701 1341 1767 Herodianum

164 1792 198 1851 in
218 1790 301 1853 libro
324 1790 422 1872 «περὶ
440 1785 598 1875 μονήροος
616 1789 747 1863 λέξεως»
771 1789 868 1851 altero
892 1789 974 1850 nihil
994 1795 1129 1872 exstare,
1153 1793 1217 1855 nisi
1235 1788 1340 1871 «Χών,

164 1875 201 1938 τὸ
232 1873 379 1940 almanno»
392 1879 437 1962 2)Ρ
484 1881 539 1942 An
570 1898 772 1961 consequens
801 1879 943 1953 videtur,
975 1878 1199 1943 Herodianum
1228 1882 1342 1945 eodem

165 1968 323 2031 vocabulo
346 1968 397 2032 bis
421 1969 594 2052 adscripto,
622 1969 720 2031 altero
747 1968 817 2030 loco
846 1968 930 2030 hanc
958 1968 1227 2050 significationem
1250 1991 1342 2053 prae-

101 2096 103 2098 ψ
164 2058 287 2137 tuhssa
311 2059 409 2121 altero
429 2058 539 2120 illam?
568 2056 787 2121 Memorabilis
808 2062 891 2119 essct
910 2057 1138 2141 discrepantia!
1170 2058 1342 2144 Excerpsit

163 2147 305 2209 cundem
322 2146 545 2209 Herodianum
565 2145 805 2210 Choeroboscns
818 2148 858 2224 ³);
882 2145 979 2208 habet
997 2146 1052 2209 ille
1072 2148 1204 2229 quidem
1221 2169 1341 2212 nomen

165 2231 263 2298 «Χών
284 2230 462 2318 Χωνός4)>>;
496 2236 534 2298 de
557 2236 657 2298 fluvio
681 2240 779 2312 tacct3
811 2235 930 2318 pendet
957 2255 999 2310 ex
1022 2236 1135 2299 eodem
1159 2237 1340 2321 Stephanus

165 2324 345 2404 Byzantius
358 2326 381 2406 5)
405 2331 436 2388 ct
460 2325 562 2388 adfert
584 2324 699 2387 urbem
715 2318 833 2408 Χιόνην
852 2329 883 2387 et
900 2327 1065 2405 Χωνίονθ)
1088 2330 1215 2408 terram,
1238 2329 1342 2390 nescit

162 2413 309 2476 fluvium.
355 2413 417 2476 His
440 2415 525 2477 inter
549 2434 582 2477 se
609 2415 799 2497 comparatis
824 2414 935 2494 elucet,
959 2411 1101 2479 Chonem
1123 2416 1218 2478 illum
1241 2415 1342 2480 Theo-

163 2505 272 2586 gnosti
294 2502 500 2566 Herodianea
530 2504 719 2566 auctoritate
746 2522 813 2565 non
841 2504 1068 2568 commendari.
1119 2504 1341 2588 Theognostus

164 2594 265 2675 igitur
282 2594 318 2654 in
336 2592 522 2655 Herodiano
541 2613 600 2655 sno
624 2612 690 2654 non
708 2592 838 2654 videtur
861 2594 1070 2674 acquievisse,
1094 2595 1150 2657 sed
1174 2595 1274 2658 alium
1291 2597 1342 2658 in·

165 2701 263 2764 super
280 2681 402 2756 fontem
421 2683 621 2744 consuluisse
635 2683 668 2762 ⁷),
688 2683 745 2763 qui
761 2700 827 2743 non
845 2683 993 2763 sequitur
1008 2683 1083 2745 ilico
1099 2688 1136 2746 ut
1150 2685 1341 2766 nugatorius

162 2769 278 2852 fuerit;
312 2771 369 2834 sed
392 2769 629 2848 Herodianum,
660 2771 768 2832 virum
796 2772 904 2833 variae
933 2771 1096 2834 doctrinae
1125 2774 1217 2855 copia
1244 2775 1342 2836 unice

165 2859 371 2941 adfluentem,
394 2861 484 2922 rivus
503 2860 567 2940 illo,
591 2860 655 2922 nisi
675 2861 919 2922 commenticias
943 2865 999 2940 est,
1022 2859 1134 2942 fugere
1152 2863 1210 2922 rix
1228 2864 1341 2944 potnit.

96 2956 98 2962 '
163 2948 362 3031 Reputantes
388 2947 609 3027 Choerobosci,
634 2946 787 3031 Stephani
808 2948 968 3029 Byzantii,
991 2948 1170 3029 Herodiani
1192 2952 1342 3034 inprimis

163 3039 343 3119 silentium,
383 3039 418 3100 in
450 3037 550 3100 verba
583 3037 777 3121 Theognosti
814 3042 900 3101 certe
934 3057 1001 3100 non
1032 3038 1221 3103 iurabimus.
1264 3039 1343 3104 Sed

164 3146 333 3209 ponamus,
355 3128 603 3209 grammaticum
622 3126 730 3189 salvae
748 3125 825 3189 fidei
849 3146 932 3205 essc3
957 3128 1037 3189 mihi
1059 3147 1127 3191 non
1147 3149 1234 3192 unus
1254 3149 1343 3193 scru-

162 3216 263 3297 pulus
285 3216 412 3280 residet.
458 3211 537 3280 Xa‘o
566 3217 653 3278 enim
683 3216 739 3278 ille
767 3214 825 3278 ubi
850 3215 997 3297 fluxerit,
1027 3218 1062 3278 in
1085 3218 1227 3281 tenebris
1249 3220 1341 3283 iacet.

164 3302 230 3378 Qui
270 3325 344 3367 cnm
381 3305 468 3389 apud
505 3304 611 3368 solum
642 3304 882 3387 Theognostum
915 3312 1196 3387 commemoretur,
1233 3308 1343 3371 videat

163 3393 323 3476 SteiniuS,
350 3413 391 3457 ne
419 3395 520 3456 nimia
547 3412 622 3456 cum
646 3393 781 3456 audacia
810 3394 897 3477 apud
921 3393 1054 3457 Oricum
1077 3395 1199 3458 effundi
1222 3396 1341 3461 iubeat.

164 3481 255 3546 Duos
279 3487 387 3547 autem
409 3485 445 3545 in
465 3482 604 3546 confinio
624 3481 712 3545 Orici
735 3483 821 3546 rivos
844 3504 1036 3567 mapparum
1054 3485 1342 3568 geographicarum

163 3578 311 3636 auctores
348 3573 501 3656 pingunt,
537 3572 675 3634 alterum
705 3569 886 3651 Cclydnum
903 3575 927 3652 8)
964 3573 1172 3656 appellatum,
1210 3576 1342 3638 alterius

163 3681 283 3725 nomen
314 3662 469 3745 indagare
498 3680 565 3724 non
593 3661 692 3743 potui.
747 3659 812 3724 Hic
843 3662 944 3745 igitur
975 3661 1093 3726 Chonis
1127 3669 1340 3746 cognomento

255 3876 275 3937 1)
293 3874 386 3942 Lentz,
405 3872 553 3927 Herodiani
570 3871 690 3926 technici
707 3871 838 3940 reliquiae
856 3872 878 3927 Ι.
896 3890 922 3941 p.
943 3872 1080 3926 CLXXX.

254 3945 275 4015 ²)
294 3945 312 3998 1.
332 3962 354 3999 c.
373 3945 408 3998 Π.
429 3961 454 4012 p.
475 3949 535 4011 937,
555 3949 597 3998 37.
760 3944 782 4012 ³)
801 3961 827 3997 v.
847 3943 940 4013 Lentz,
958 3944 977 3998 l.
997 3961 1019 3999 c.
1038 3944 1059 3997 I.
1078 3962 1104 4014 p.
1124 3945 1288 4002 CLXXXV.

181 4078 182 4082 Ἰ
253 4016 313 4120 :ll
333 4016 599 4141 069g.hp>e.1320,37.
761 4015 783 4084 ὅ)
803 4033 827 4067 v.
847 4015 939 4083 Lenta,
958 4015 977 4070 l.
996 4033 1020 4068 c.
1038 4015 1060 4083 I.
1080 4033 1105 4085 p.
1126 4016 1281 4073 CXXXVI.

221 4231 225 4241 Ι
253 4088 275 4228 'd
294 4105 370 4239 {luae
394 4175 457 4211 cum
474 4128 598 4239 italsint,
618 4157 712 4239 dubito
735 4174 803 4239 num
826 4157 886 4239 iure
911 4157 1041 4212 Lentzins
1065 4159 1093 4228 (l.
1118 4175 1141 4214 c.
1161 4179 1186 4230 p.
1207 4165 1267 4231 395,
1289 4162 1341 4232 18),

161 4232 352 4284 teshmomnm
370 4229 531 4298 lhcognosh
549 4228 728 4283 Herodianum
746 4230 901 4282 rnscrnarrt.

195 4350 197 4353 ,
254 4302 276 4371 ⁸)
294 4300 407 4355 Ptolem.
426 4316 514 4370 geogr.
533 4300 583 4354 ΙΠ.
605 4305 647 4370 13,
668 4306 691 4354 5.
711 4296 876 4354 «Κελύδνοο
900 4303 1028 4374 ποταμοῦ
1046 4299 1176 4371 aimoini.»

1145 4391 1183 4446 3*
