3022 4890
599 299 820 358 v-47-

102 474 302 562 ¹opinionem
320 495 386 538 non
406 493 513 538 carere
533 476 638 558 specie
657 475 811 554 veritatis,
832 475 888 556 qui
908 472 1094 536 Orestonem
1113 473 1153 534 ad
1168 471 1294 537 Oresio-

117 585 214 630 naeos
242 566 441 649 'pertinuisse
475 565 568 646 quasi
601 564 724 626 ratione
758 566 806 626 sat
839 581 1000 645 superque
1033 563 1293 625 commendatum

115 647 231 740 putant
253 648 451 734 Thucydidis
474 654 647 735 praecipue
671 653 855 715 testimonio
879 652 961 715 freti.

114 789 116 792 -
205 745 250 806 At
268 743 453 826 neglegunt,
472 743 621 825 primum,
641 741 731 805 urbis
752 739 915 803 Crestonis
934 759 1052 802 nomen
1072 740 1293 822 aThucydide

116 853 280 916 nusquam
299 833 558 908 commemorari;
584 830 709 911 deinde,
731 829 886 913 Pelasgos
911 830 997 913 apud
1019 828 1222 893 Herodotum
1246 831 1294 893 di-

116 923 240 1006 stingui
264 943 282 984 a
304 921 492 1002 Tyrrhenis,
523 940 587 982 non
620 920 776 1002 distingui
807 919 893 1002 apud
915 919 1144 998 Thucydidem.
1190 919 1294 982 Hero-

118 1013 226 1092 dotuS,
259 1016 296 1073 ut
323 1016 409 1072 recte
440 1009 570 1072 adnotat
601 1007 744 1071 Sicinius
757 1006 794 1090 1),
825 1008 1065 1088 Tyrrhenorum
1096 1008 1294 1092 ubicumque

116 1102 314 1164 mentionem
336 1100 414 1161 facit
425 1097 458 1182 ς3),
482 1097 633 1160 Maeones
657 1098 827 1182 intellegit,
851 1097 928 1159 olim
952 1098 1009 1180 qui
1027 1097 1192 1177 Tyrrheno
1213 1099 1294 1181 duce

117 1192 152 1251 in
167 1189 333 1271 Etruriam
352 1189 647 1269 commigraverunt
658 1189 695 1266 3),
716 1186 755 1248 ab
772 1187 822 1249 his
842 1187 1013 1269 distinguit
1026 1186 1178 1270 Pelasgos
1198 1208 1295 1270 supra

115 1278 299 1358 Tyrrhenos
318 1276 506 1356 habitantes.
544 1275 636 1350 Quod
657 1276 789 1357 quidem
809 1277 928 1338 summi
946 1277 1102 1338 momenti
1122 1281 1183 1355 est,
1204 1297 1294 1360 prae-

116 1375 204 1430 terea
226 1367 287 1429 hoo
308 1365 462 1446 attendas
488 1364 691 1428 Crestonicae
715 1365 804 1427 illam
823 1367 929 1447 gentis
948 1365 1140 1447 particulam
1159 1367 1193 1427 in
1212 1367 1294 1429 Acte

116 1457 158 1518 ad
180 1455 401 1536 Thucydidem
431 1474 535 1537 usque
559 1456 719 1536 reliquam
743 1455 867 1517 secerni
894 1455 914 1518 l.
940 1474 965 1517 c.
990 1474 1008 1516 a
1031 1453 1191 1537 PelasgiS,
1220 1475 1295 1518 cum

116 1545 273 1608 Herodoti
296 1543 425 1626 Pelasgi
451 1543 603 1606 Orestone
628 1544 768 1606 sedeant.

210 1632 303 1708 Quod
314 1637 420 1696 autem
430 1634 620 1716 primarium
639 1633 718 1694 mihi
737 1636 963 1714 argumentum
972 1632 1114 1695 videtur:
1135 1635 1163 1696 si
1181 1633 1296 1698 fuisset

117 1723 195 1785 urbs
212 1724 280 1785 sive
298 1722 450 1785 Thraciae
474 1724 541 1784 sive
557 1720 758 1784 Chalcidicae
778 1721 920 1802 Oresten,
944 1741 1011 1783 non
1033 1723 1178 1785 licuisset
1197 1723 1296 1785 situm

116 1811 252 1874 definire
276 1811 443 1892 dictitanti,
467 1803 569 1893 «ὑπὲρ
597 1813 785 1896 Τυρσηνῶν»
810 1830 880 1873 eam
904 1830 984 1875 esse..
1029 1811 1082 1874 Sic
1105 1813 1293 1894 loquentem

116 1903 175 1962 uix
198 1901 393 1963 centesimus
419 1902 556 1982 quisque
579 1900 802 1964 intellexisset.

205 1989 353 2069 literae)
377 2009 490 2052 eorum
509 1994 556 2051 est
576 1990 683 2072 opinio
697 1989 729 2072 5),
754 1991 810 2070 qui
831 1988 1017 2051 Crestonem
1036 1991 1173 2053 eandem
1197 1996 1293 2073 atque

115 2077 289 2142 Cortonam
320 2078 532 2140 Etruscorum
565 2084 704 2142 censent.
763 2077 930 2140 Habemus
962 2080 1049 2141 enim
1080 2080 1189 2141 locum
1217 2078 1295 2143 Dio-

117 2170 204 2249 nysii
226 2167 505 2229 Halicarnassenis
530 2167 651 2248 (Antiq.
675 2166 765 2230 Rom.
790 2165 814 2231 l.
839 2187 864 2230 c.
890 2166 960 2250 29),
989 2168 1047 2230 ubi
1070 2168 1169 2230 rerba
1191 2168 1295 2231 Hero-

116 2256 183 2320 doti
214 2256 250 2340 (I.
280 2276 305 2319 e.
337 2258 391 2335 57)
424 2282 437 2310 «
447 2255 499 2316 καὶ
529 2250 587 2333 γὰρ
625 2293 667 2300 -
701 2248 892 2334 ὁμόγλωσσοι
901 2284 914 2311 »
946 2258 991 2318 ita
1025 2258 1220 2337 excitantur,
1258 2264 1296 2321 ut

116 2365 173 2428 pro
193 2346 324 2407 nomine
348 2347 625 2427 «Κρηστωνιῆται»
649 2346 805 2428 scriptum
823 2347 1003 2428 reperiatur
1027 2349 1294 2428 «Κροτωνιᾶται».

116 2433 267 2515 Dionysii
291 2453 333 2496 ex
356 2435 539 2497 testimonio
564 2435 628 2496 orsi
656 2434 796 2497 induas
830 2434 985 2517 philologi
1009 2440 1115 2518 partes
1141 2435 1293 2498 discesse-

115 2531 206 2604 runt,
231 2528 287 2586 aut
309 2522 467 2586 Herodoti
491 2528 617 2586 textum
641 2543 658 2586 e
676 2522 834 2604 Dionysio
847 2522 871 2606 6)
895 2528 951 2586 aut
973 2522 1295 2604 Dionysium-Hero-

118 2612 185 2673 doti
208 2613 330 2675 auxilio
344 2614 365 2692 7)
396 2613 634 2676 emendandum
660 2615 731 2675 rati.
784 2613 814 2674 li
837 2616 946 2675 autem
975 2617 1087 2676 contra
1109 2615 1295 2696 primariam

114 2702 246 2763 criticae
270 2703 347 2764 artis
370 2702 476 2784 legem
500 2720 595 2784 agere
619 2702 772 2764 videntur
796 2704 853 2783 qui
875 2702 1045 2784 vulgarem
1070 2701 1216 2766 Crotonis
1240 2724 1295 2786 ap-

116 2790 323 2872 pellationem
346 2790 472 2852 librarii
496 2809 602 2852 errore
625 2792 660 2851 in
682 2794 903 2873 «Κρηστῶνα»
926 2791 1043 2854 abiisse
1062 2791 1192 2854 volunt:
1219 2811 1295 2854 con-

115 2880 234 2942 trarius
255 2897 342 2941 error
361 2879 489 2940 facilius
508 2879 759 2962 intellegeretur,
780 2884 810 2942 et
830 2880 946 2942 accidit
963 2879 1083 2944 Herod.
1100 2880 1159 2942 ΠΙ.
1179 2901 1204 2944 c.
1222 2883 1294 2961 136,

116 2967 175 3029 ubi
194 2968 249 3030 alii
268 2968 344 3030 libri
362 2961 574 3052 «κρηστῶνης»
594 2969 650 3031 alii
672 2963 872 3051 «Κρότωνος»
892 2968 1060 3048 exhibent3
1084 2969 1166 3031 illud
1187 2975 1294 3052 aperte

113 3060 318 3139 corruptum,
337 3056 398 3119 hoc
412 3076 478 3119 non
499 3056 611 3120 dubito
627 3058 730 3120 malae
750 3060 936 3120 correctoris
953 3057 1112 3120 sollertiae
1126 3060 1294 3141 imputare.

118 3143 152 3208 Si
170 3145 301 3228 quidem
310 3144 489 3226 Dionysius
499 3147 532 3208 in
542 3146 635 3209 libris
646 3149 713 3209 suis
730 3173 743 3201 «
750 3141 921 3228 Κρότωνα»
929 3148 1065 3222 invenit,
1084 3149 1295 3230 «Κρηστῶνα»

118 3239 150 3295 et
169 3238 442 3319 «Κρηστωνιῆται»
462 3255 529 3297 non
548 3255 625 3299 casu
643 3238 678 3297 in
693 3241 821 3298 textum
837 3237 1046 3318 irrepserunt,
1066 3236 1121 3298 sed
1136 3243 1295 3299 corrector

118 3342 252 3385 manum
268 3322 423 3388 adhibuit.
462 3323 548 3398 Quid
562 3326 699 3387 mouerit
713 3325 876 3387 hominem
891 3327 1068 3388 nescimus:
1090 3323 1295 3408 Kiepertus⁸)

114 3410 312 3492 Thucydidis
335 3413 406 3475 loeo
431 3412 499 3493 (IV.
522 3433 547 3477 o.
570 3412 646 3496 104)
667 3414 836 3496 deceptum
860 3415 994 3493 conicit,
1020 3420 1051 3477 et
1073 3419 1214 3496 praestat
1232 3415 1294 3477 hoc

114 3502 151 3563 in
178 3506 359 3564 commento
386 3521 543 3584 perquam
570 3502 730 3585 probabili
758 3504 975 3585 acquiescere,
1013 3523 1111 3586 quarn
1139 3508 1291 3567 consueto
1365 3564 1370 3577 ,

205 3747 215 3778 1

128 3803 135 3814 ”
205 3748 227 3887 'i
245 3749 326 3873 ῗάσΙό.
339 3753 469 3900 beffiae.
491 3825 541 3873 reo
561 3836 600 3888 sq.
620 3821 667 3902 vr.
688 3837 726 3874 ω.
748 3825 851 3901 rin.
960 3821 985 3902 ¹),
1000 3822 1021 3874 Ι.
1046 3839 1068 3876 0.
1089 3826 1131 3875 or.
1159 3893 1163 3902 Ι

204 3891 226 3958 4)
245 3890 340 3959 Nugas
353 3893 456 3959 omrtto,
475 3894 508 3944 ut
526 3891 664 3945 Schaeferr
688 3892 731 3960 (de
755 3892 918 3959 quibusdam
934 3892 1002 3946 locis
1019 3892 1180 3946 Herodoters
1201 3910 1226 3961 p.
1247 3894 1292 3962 27)

115 3959 274 4014 Crestonem
292 3978 356 4014 cum
375 3962 487 4031 Scylace
506 3964 534 4016 et
551 3963 645 4017 Placia
663 3964 697 4016 cd
715 3962 924 4031 Hellespontum
947 3964 1111 4018 collocantis.

206 4032 227 4100 5)
246 4032 374 4102 Bouhier,
393 4033 411 4086 l.
432 4051 454 4087 c.
474 4051 499 4102 p.
522 4037 580 4088 104.
618 4033 748 4101 Niebuhr,
766 4034 912 4088 Bbmische
938 4034 1100 4088 Geschichte
1118 4036 1139 4089 Ι.
1160 4041 1184 4090 3.
1203 4053 1229 4104 p.
1249 4040 1292 4091 39.

112 4103 176 4156 adn.
197 4107 240 4156 89.
278 4102 362 4171 Stein,
382 4105 417 4158 ad
434 4104 532 4159 Herod.
552 4105 574 4158 I.
594 4122 616 4158 c.
638 4111 680 4160 57.
716 4105 836 4174 Kiepe1t,
855 4105 873 4159 l.
893 4122 915 4160 c.
935 4123 960 4174 p.
981 4110 1041 4160 403.

206 4174 227 4240 ο)
245 4173 374 4242 Bouhier,
392 4175 410 4229 l.
431 4192 453 4229 c.
472 4194 497 4244 p.
520 4180 583 4243 1043
602 4176 733 4244 Niebuhr,
752 4177 770 4230 l.
791 4193 812 4231 e.
832 4194 857 4246 p.
878 4182 912 4231 39
931 4178 991 4232 adn.
1011 4181 1053 4232 89.

204 4247 226 4386 ἔ)
244 4245 354 4370 fremor,
369 4262 455 4372 ηρὸααι
472 4248 567 4302 laudat
582 4247 704 4301 Bouhier
720 4249 738 4302 l.
759 4265 781 4301 c.
800 4265 827 4317 p.
849 4252 907 4303 104.
945 4281 947 4287 -

256 4333 304 4370 .c.
324 4335 349 4385 p.
423 4359 429 4372 .
