3022 4890
645 341 685 348 ..
733 304 865 365 21.-

162 480 202 544 δὲ
231 485 423 565 προσωτέρω
459 475 582 542 τούτων
613 473 751 562 οὐκέτι»,
789 498 822 543 se
853 480 938 543 seire*
965 480 1068 562 magis
1102 499 1200 561 quam
1229 479 1349 542 vidisse
1399 526 1401 530 ι

165 573 275 655 ipsum
292 571 474 655 profitetur..

256 659 405 723 Duorum
416 659 556 741 demque
565 661 711 722 locorum
745 659 803 741 qui
821 657 940 721 adferri
962 658 1075 739 solent,
1094 658 1174 721 alter
1125 657 1244 764 t(V.
1255 678 1280 722 e
1294 659 1348 722 10:

163 740 227 819 «ὥς
260 747 295 812 δὲ
337 743 472 832 Θρήικες
508 747 643 827 λέγουσι,
685 745 777 831 με’λ
758 764 845 818 ᾳσαι
885 751 1050 824 κατέχουσι
1090 743 1131 809 τὰ
1164 751 1266 830 πέρην
1293 749 1351 809 τοῦ

166 834 320 920 Ἴστρου»)
352 838 435 900 nihil
466 837 581 921 probat
613 875 655 882 -
691 834 806 920 quidni
842 836 966 900 colonis
991 835 1120 900 Graecis
1148 836 1331 899 fabella't
1288 842 1350 900 ista

164 928 326 990 Thracum
345 931 402 989 not
403 947 421 990 a
389 926 618 990 tfuerit?-
639 927 720 991 atler
738 921 814 987 VII.
838 946 863 991 o
887 928 949 989 115
958 921 1047 1031 «τὴν
1071 924 1105 988 δὲ
1128 918 1203 987 ὁδὸν
1221 920 1351 1027 ταύτην,

169 1038 211 1123 ap
232 1012 379 1097 βασιλεὺς
401 1015 522 1099 Ξέρξης
544 1010 602 1076 τὸν
629 1011 766 1099 στρατὸν
798 1011 905 1094 νλασε,
931 1009 1005 1076 οὔτε
1029 1018 1190 1092 συγχέουσι
1216 1010 1351 1100 Θρήικες

169 1128 226 1167 ουτ
261 1100 490 1186 ἐπισπείρουσι
516 1107 666 1185 σέβονταί
688 1125 725 1167 τε
749 1099 893 1183 μεγοὶλως
925 1099 962 1165 τὸ
990 1108 1083 1186 μέχρι
1113 1098 1232 1186 ductis),
1264 1104 1351 1187 quod

168 1196 284 1258 attinet
271 1194 352 1257 tad
382 1194 467 1257 illud
503 1197 624 1276 «μέχρι
654 1190 753 1296 ε’μεῖ»
787 1194 933 1257 eiusdem
968 1195 1119 1256 vanitatis
1149 1198 1204 1258 est
1184 1193 1352 1297 tIdem

163 1284 307 1347 vtudere
297 1304 333 1352 111
357 1282 480 1348 Vllc.
507 1285 568 1345 111
590 1279 746 1388 («Συίτραι
770 1281 804 1344 δε
833 1276 960 1352 ουδενός
987 1306 1031 1343 κιο
1062 1275 1288 1387 ἀνθρώπων
1272 1276 1352 1366 υπή-

168 1395 237 1434 κοοι
269 1367 338 1452 εγεν
353 1393 434 1450 οντο,
474 1363 548 1433 ὅσον
582 1365 674 1475 ἡμεῖς
711 1370 810 1452 ι’δμεν,
849 1365 929 1434 ἀλλὰ
971 1372 1148 1435 διατελεῦσι
1185 1369 1222 1434 τὸ
1261 1376 1354 1454 μέχρι

167 1457 250 1541 εμεῦ
284 1459 347 1525 αἰεὶ
379 1454 485 1531 ἐόντες
518 1455 686 1545 ελειίδεροι
717 1483 831 1541 μουνοι
867 1462 1023 1546 Θρηίκωι.
1031 1460 1057 1544 a)
1090 1481 1157 1565 non
1187 1461 1352 1545 estquod

163 1571 331 1615 moneam

265 1642 283 1721 ἓ
307 1643 336 1705 3.
362 1641 467 1705 Venio
492 1643 532 1706 ad
556 1625 693 1724 singula.

222 1728 346 1794 Sesti
365 1730 511 1795 Herodot
498 1738 567 1795 tum
592 1730 733 1794 adfuisse
757 1731 859 1793 credit
846 1735 916 1792 tum
931 1730 1035 1812 magis
1061 1750 1157 1812 quam
1179 1729 1352 1812 probatum

169 1823 235 1882 est·
228 1820 325 1902 ,ipse
344 1820 380 1882 in
399 1820 463 1891 duo
482 1821 590 1901 incidi,
616 1840 706 1924 quae
716 1825 896 1883 memoratu
875 1819 1030 1922 udigna
1041 1819 1191 1882 viderent
1178 1824 1239 1883 tur
1281 1819 1353 1882 Pri-

170 1928 262 1971 mum
285 1910 320 1969 in
343 1910 451 1973 rerbis
474 1910 534 1975 IX.
561 1870 638 1973 1³20:
663 1901 907 1987 «ἀπαγαγόντες
931 1908 964 1970 δὲ
989 1901 1088 1969 αυτὸν
1111 1928 1143 1978 ες
1171 1905 1231 1992 τὴν
1255 1900 1354 1992 οίκτὴν

172 2019 204 2068 ες
226 1992 286 2076 τὴν
307 1995 428 2083 Ξέρξης
451 1995 556 2074 ἔζευξε
579 1995 636 2060 τὸν
659 1993 770 2080 πόρον,
795 1995 825 2058 οἱ
849 1996 883 2059 δε
906 1992 1068 2076 λεγουσι
1052 2018 1109 2058 επι
1137 1993 1194 2058 τὸν
1216 1994 1354 2059 κολωνὸν

172 2083 229 2149 τὸν
251 2107 335 2168 υπερ
359 2083 518 2150 Μαδυτου
543 2082 662 2166 πόλιος,
687 2088 815 2156 σανίδας
838 2079 1246 2238 προσπασσαλεύσαντες
1227 2091 1352 2166 ανεκρέ-

168 2192 302 2255 μασαν»
331 2179 487 2240 articulus
518 2172 598 2239 «επὶ
616 2174 685 2238 τδν
703 2171 914 2239 κολωνόνυυ
892 2177 1063 2260 utpaucis
1093 2176 1232 2258 explicet
1236 2196 1274 2238 ur
1296 2196 1352 2259 po-

175 2265 280 2327 stulat.
260 2264 504 2351 tExemplum
526 2286 660 2350 prorsus
678 2266 853 2365 geminum
864 2264 921 2329 VI.
942 2285 967 2329 e
989 2265 1150 2328 13111111
1170 2285 1231 2327 oon
1232 2266 1352 2328 tinent:

176 2349 251 2415 «τὸν
274 2353 308 2415 δε
327 2354 551 2439 (Miltiadem
542 2357 721 2439 intellegas)
746 2348 986 2437 διερχόμενον
970 2354 1027 2415 επὶ
1050 2349 1120 2415 τὸν
1137 2350 1328 2415 κολωνὸν
1294 2376 1355 2416 τον

174 2438 239 2527 πρὸ
259 2445 315 2514 τοῖς
333 2440 445 2516 πόλιος
464 2446 516 2529 (de
527 2445 611 2508 Paro
630 2437 1355 2528 1111111111)ἐόντοερκοςυεσμοφορουιτμρ

174 2552 247 2614 τρος
270 2525 469 2616 υπερδορεῖν
491 2533 581 2596 κτλ»

264 2621 447 2706 Utrobique
476 2624 598 2687 duae
590 2628 640 2685 nrt
642 2628 748 2706 erpret
735 2624 826 2686 tandi
853 2625 994 2686 rationes
1024 2624 1059 2684 in
1092 2623 1233 2725 discepta
1216 2625 1356 2686 ationem

166 2710 312 2773 cadunt:
284 2715 446 2814 tposuit
433 2713 641 2776 atrticulum
668 2712 813 2775 Herodot
800 2717 852 2775 tus
877 2717 933 2775 aut
953 2713 1030 2794 quia
1049 2712 1208 2775 collest
1165 2717 1208 2774 ist
1209 2732 1244 2774 os
1265 2718 1321 2774 not
1323 2731 1357 2774 os

185 2818 254 2862 esse
277 2801 409 2865 lecturis
434 2804 546 2884 eisque
566 2801 716 2864 omnibus
736 2801 926 2881 confidebat,
951 2805 1006 2863 aut
1030 2802 1107 2883 quia
1125 2802 1193 2883 ipse
1217 2806 1359 2864 noverat.

181 2887 277 2962 Prius
300 2890 384 2952 illud
408 2897 444 2954 ut
468 2891 642 2954 concedam
666 2891 705 2953 de
729 2890 817 2953 colle·
833 2890 916 2953 Paro
948 2889 1021 2952 urbi
1049 2892 1250 2972 praeiacente
1274 2891 1361 2972 eogi-

177 2979 243 3040 tari
272 2978 382 3061 aliquo
412 2981 508 3043 modo
531 2999 640 3063 posse,
671 2981 743 3062 quis
773 2979 904 3042 tandem
927 2977 1052 3059 Madyti
1083 2978 1191 3062 oppidi
1223 2980 1361 3042 eircum-

164 3068 407 3150 -ieotorumque
436 3071 535 3132 situm
564 3073 630 3132 tam
652 3068 879 3152 pervulgatum
902 3068 988 3151 apud
1008 3067 1146 3131 Graecos
1164 3068 1266 3131 fuisse
1285 3088 1363 3130 con-

176 3157 336 3219 cesserit?
374 3157 465 3221 Nihil
487 3163 586 3221 restat
610 3159 696 3240 quod
715 3178 884 3241 ponamus,
912 3158 976 3219 nisi
1008 3157 1122 3219 collem
1141 3164 1178 3220 ut
1196 3157 1361 3220 Herodoto

182 3247 349 3328 cognitum
367 3247 505 3330 ideoque
524 3249 608 3310 inter
627 3252 748 3310 ceteros
776 3253 899 3310 certum
925 3246 1060 3308 articulo
1085 3248 1249 3329 distingui.
1288 3246 1309 3309 J
1311 3267 1363 3309 am

183 3335 358 3417 quaeritur,
384 3338 441 3418 qui
464 3336 627 3400 Herodoto
651 3337 836 3400 innotuerit.
874 3337 942 3398 Aut
965 3336 1183 3417 percontando
1207 3336 1363 3398 nimirum

178 3428 238 3485 aut
260 3424 336 3486 uisu
360 3426 538 3489 oculorum.
567 3425 654 3488 lllud
673 3426 749 3488 licet
767 3444 834 3487 non
852 3425 949 3508 plane
968 3426 1009 3487 sit
1028 3423 1206 3487 absurdum
1225 3462 1267 3470 —-
1286 3445 1364 3488 nam

178 3512 312 3575 :attende
336 3515 510 3597 utrobique
535 3534 601 3577 non
625 3516 734 3597 ipsum
750 3514 939 3596 scriptorem
961 3514 1052 3596 loqui
1076 3551 1127 3595 -,
1151 3514 1364 3577 meoiudicio

180 3604 379 3684 neutiquam
403 3604 531 3685 arridet,
554 3605 618 3666 nisi
642 3623 718 3666 vero
737 3602 939 3666 Herodotum
962 3603 1061 3665 verba
1079 3604 1173 3665 testis
1197 3605 1248 3666 sui
1272 3604 1365 3686 quasi

183 3690 342 3755 dictantis
361 3696 458 3756 anxio
477 3694 549 3756 stilo
570 3693 784 3775 excipientem
808 3697 839 3755 et
857 3692 991 3755 articulo
1008 3695 1103 3755 tenus
1123 3699 1367 3756 conservantem

180 3777 290 3864 fingis,
345 3780 439 3857 Quod
474 3803 550 3846 cum
581 3787 815 3845 consentaneae
845 3783 963 3845 rationi
993 3800 1173 3866 repugnare
1202 3783 1362 3860 videatur,

180 3871 364 3953 opinamur
383 3870 586 3934 Herodotum
606 3870 739 3934 collium
759 3871 836 3933 olim
855 3871 1080 3954 adspectorum
1100 3890 1175 3934 cum
1195 3891 1365 3954 compone-

180 3964 232 4022 ret
261 3978 342 4044 opus
365 3979 541 4024 memorem
565 3960 701 4024 articulo
725 3979 795 4023 esse
818 3980 924 4024 usum.
964 3958 1090 4022 Similia
1111 3961 1245 4066 passim
1248 3961 1366 4044 legun·

183 4053 251 4110 tur:
282 4048 334 4154 Stio
358 4049 399 4113 Il.
425 4070 449 4112 c.
476 4047 582 4113 8σαὶ
604 4048 822 4128 λιθοτομίαι»,
855 4069 879 4111 e.
906 4051 970 4112 124
993 4052 1093 4110 «τῶν
1112 4070 1169 4111 επι
1187 4071 1245 4110 του
1263 4047 1366 4129 λόφου

184 4129 240 4198 εἰι
268 4160 306 4200 ου
337 4135 444 4200 εστᾶσι
467 4160 500 4200 αι
524 4139 718 4221 πυραμίδες,
749 4160 825 4199 των
848 4130 914 4199 ὑπὸ
939 4140 1003 4243 γῆν
1018 4158 1220 4245 οικηματων
1221 4137 1278 4201 κτλ
1287 4167 1310 4221 »
1341 4160 1367 4204 c.

187 4227 249 4289 126
280 4223 372 4311 «τὴν
410 4229 578 4311 πυραμίδα
612 4224 864 4311 οἰκοδομηθῆναι
896 4224 955 4333 adpo
987 4247 1021 4288 εν
1057 4231 1142 4312 μέσῳ
1169 4250 1238 4289 των
1271 4231 1369 4311 τριῶν

181 4313 249 4377 κτλ
255 4342 269 4374 >»
300 4337 325 4381 c.
352 4318 414 4379 158
439 4320 504 4403 «τῇ
523 4312 676 4399 διώρυχι»,
701 4337 726 4381 c.
750 4319 811 4380 176
832 4312 901 4378 τὸν
920 4309 1036 4380 υπτιον
1054 4320 1202 4396 κείμενον
1219 4313 1370 4381 κολοσσον
